3850 5700
359 799 393 865 vi
618 823 663 870 nr
684 823 840 871 aaronis
861 826 1001 873 naerens
1021 826 1185 875 rnorem.

357 994 486 1084 legitur,
501 997 559 1080 τὴν
573 996 606 1065 δέ
619 997 664 1071 εἰς
681 999 832 1088 χρήματα
850 1000 1049 1086 τείνουσανῆ
1063 1029 1135 1071 τινα
1148 1003 1228 1092 πρὸς
1248 1002 1345 1093 ἰσχὺν
1360 1004 1382 1088 ἢ
1400 1004 1455 1072 καὶ

357 1107 437 1196 πρὸς
454 1108 560 1191 άλλην
580 1109 652 1177 τινδ
666 1110 797 1199 σοφίαν.
841 1113 928 1188 Quid
941 1115 986 1182 sit
1003 1115 1133 1203 aliquod
1150 1116 1247 1183 robur
1260 1116 1348 1183 hand
1361 1116 1456 1197 facile

356 1221 497 1302 dixeria3
528 1223 752 1291 roborantem
774 1232 898 1293 eertum
919 1250 987 1293 ease
1010 1225 1127 1315 σοφίας
1150 1251 1260 1315 genus,
1284 1228 1380 1316 plane
1402 1229 1453 1294 in·

356 1332 511 1400 auditum.
555 1333 681 1402 Robore
695 1334 917 1423 quidem-opus
931 1345 980 1403 eat
998 1340 1044 1404 τώ
1063 1340 1156 1426 σοφῷ
1173 1336 1278 1423 πώκνη
1296 1338 1350 1406 vel
1367 1366 1453 1423 πωγ-

356 1448 543 1532 κρατιαστῇ,
566 1446 622 1514 aad
646 1447 744 1515 robur
764 1446 879 1533 ipsum,
897 1448 1020 1535 opinor,
1040 1472 1106 1517 non
1128 1458 1177 1517 ost
1199 1448 1310 1537 σοφία.
1352 1450 1454 1539 Lege,

355 1555 377 1639 ἢ
391 1556 448 1639 τὴν
465 1558 519 1643 (so.
534 1557 696 1643 παιδείων)
710 1557 790 1647 πρὸς
805 1558 902 1649 ἰσχὺν
914 1558 935 1643 ἢ
949 1560 1004 1627 καὶ
1017 1560 1097 1650 πρὸς
1110 1562 1254 1644 ἡντινοῦν
1266 1561 1395 1651 σοφίαν.

400 1671 475 1739 645.
519 1670 573 1736 καὶ
589 1670 671 1749 οὕτω
690 1669 728 1753 δὴ
745 1671 819 1760 περὶ
838 1671 1008 1757 θαυμάτων
1028 1674 1070 1745 ὡς
1091 1674 1189 1741 ὅντων
1206 1675 1295 1759 ἡμῶν
1316 1674 1333 1740 ὁ
1353 1673 1454 1757 μῦθος

353 1780 467 1870 ἀρετῆς
491 1782 691 1866 σεσωσμένος
715 1781 755 1849 ἂν
777 1783 834 1864 εἴη.
888 1785 1003 1873 Neque
1027 1785 1139 1873 ἀρετῆς
1161 1809 1220 1873 pro
1244 1787 1318 1875 περὶ
1340 1787 1454 1875 ἀρετῆς

353 1891 477 1959 dietum
501 1891 580 1960 ferri
602 1901 716 1981 potest,
737 1917 841 1983 nequo
865 1894 974 1965 fabula
998 1897 1056 1963 illa
1079 1895 1154 1986 περὶ
1177 1897 1289 1985 ἀρετῆς
1314 1907 1371 1978 est,
1395 1900 1453 1966 sod

352 2001 427 2092 περὶ
455 2002 634 2088 θαυμάτων.
690 2006 776 2072 Mihi
804 2007 936 2094 quidem
963 2007 1059 2074 Plato
1087 2009 1172 2075 nihil
1204 2009 1293 2076 aliud
1326 2011 1452 2076 dedisse

353 2119 481 2185 videtur
495 2142 592 2208 quarn
605 2117 623 2184 ὁ
638 2118 737 2203 μῦθος
754 2117 804 2207 ἄρ’
819 2118 867 2186 ἐτι
884 2120 1087 2204 σεσωσμένος
1105 2120 1216 2202 ἂνεῖη.
1259 2122 1351 2189 Alibi
1364 2123 1452 2190 dixit

352 2222 370 2297 ὅ
392 2229 490 2315 μῦθος
515 2229 620 2313 ἐσώθη
644 2230 703 2297 καὶ
723 2231 780 2297 οὐκ
804 2230 953 2299 ἀπώλετο
965 2259 978 2309 ,·
1009 2234 1095 2299 unde
1118 2233 1222 2320 liquet
1244 2233 1451 2321 proverbium

353 2343 483 2430 quidem
507 2344 603 2411 fuisse
628 2343 646 2409 ὁ
669 2343 768 2433 μῦθος
795 2343 953 2420 ἀπώλετο,
979 2345 1070 2433 cnjus
1097 2344 1294 2412 eontrarium
1318 2347 1359 2411 de
1384 2346 1451 2412 suia

352 2455 469 2523 fabulis
489 2457 660 2543 praedioare
683 2480 757 2523 oum
778 2457 877 2524 vellet
898 2457 1002 2537 Plato,
1026 2453 1130 2538 ἐσώθη
1153 2456 1287 2523 invexit.
1343 2457 1450 2531 Quam

352 2574 426 2653 apto
454 2566 510 2634 rei’
531 2567 723 2635 conveniant
747 2566 796 2656 ἄρ’
822 2566 870 2633 ἐτι
890 2550 1030 2655 Angliao
1050 2568 1205 2634 vertendo
1228 2568 1447 2655 perepioietnr.

353 2680 459 2745 “And
474 2702 508 2745 ao
527 2680 583 2746 the
599 2680 664 2748 talo
683 2680 720 2747 of
738 2702 797 2747 our
815 2680 914 2767 being
932 2686 1070 2768 puppeta
1088 2679 1155 2746 will
1173 2689 1229 2766 yet
1251 2680 1346 2748 stand
1364 2682 1449 2768 good

351 2792 438 2881 oster
452 2791 530 2859 oll.'’

395 2905 467 2971 647.
512 2902 561 2992 ἂρ’
575 2904 633 2970 οὐκ
646 2904 687 2971 ἂν
695 2903 864 2989 νομοθέτης
877 2903 931 2971 καὶ
945 2906 1011 2974 πᾶς
1030 2954 1038 2969 .
1062 2951 1070 2968 .
1094 2950 1102 2968 .
1125 2951 1133 2970 .
1153 2903 1254 2984 σέβει.
1281 2905 1320 2970 L.
1332 2904 1369 2969 οὐ
1383 2904 1448 2972 καὶ.

275 3041 279 3050 ’
393 3015 467 3081 649.
512 3014 610 3104 ὀρθῶς
623 3015 708 3083 ἄντι
721 3016 867 3106 πράττοι.
909 3016 991 3083 Delo
1004 3041 1045 3090 τι,
1060 3016 1146 3102 quod
1160 3039 1201 3081 ex
1214 3015 1297 3082 melo
1311 3017 1449 3102 repetite

350 3153 378 3194 π
396 3135 502 3195 ortum
520 3136 578 3208 est,
598 3129 685 3195 etin
701 3129 765 3196 fine
786 3129 946 3208 orationis,
965 3129 1054 3213 (nam
1075 3135 1189 3198 oaetera
1208 3150 1275 3194 non
1293 3128 1445 3216 attingo)

349 3240 457 3306 nullus
473 3240 585 3305 dubito
598 3241 679 3326 quin
696 3262 822 3306 meeum
837 3239 977 3305 lecturus
995 3240 1048 3318 aie,
1068 3237 1149 3327 πρὸς
1170 3237 1204 3304 δέ
1225 3236 1283 3320 τὴν
1303 3238 1448 3327 ἐσχάτην

348 3348 454 3426 πόσιν,
466 3348 809 3442 άπαλλάττοιτοεπὴν
820 3349 950 3416 πάντων
962 3349 1063 3432 ἐγιταν
1072 3350 1268 3437 φοβούμενος
1282 3349 1448 3438 ἄνθρωπος

255 3487 258 3492 ’
349 3460 493 3529 ών-τοῦ
505 3459 665 3546 πώματος.

392 3575 465 3640 654.
510 3573 649 3660 δςᾶντῇ
666 3572 724 3657 μὲν
742 3576 831 3660 φωνῇ
847 3572 901 3639 καὶ
914 3575 960 3660 τῷ
974 3572 1101 3657 σώματι
1113 3572 1159 3657 μὴ
1172 3573 1259 3640 πάνυ
1277 3571 1408 3646 δυνατὸς
1424 3571 1446 3660 ᾖ

282 3673 284 3676 ’
348 3683 520 3773 κατορθοῦν
532 3683 554 3768 ἢ
568 3683 769 3760 διανοεῖσθαι,
781 3687 820 3769 τῇ
835 3682 869 3750 δέ
882 3682 977 3770 ἡδονῇ
991 3683 1046 3750 καὶ
1058 3682 1148 3769 λύπη
1161 3684 1320 3772 κατορθοῖ.
1364 3685 1444 3752 Sen-

348 3821 402 3866 sus
423 3805 531 3884 aperte
551 3797 677 3885 flagitat
698 3795 719 3882 ᾔ
739 3794 927 3888 διανοεῖται·Ι
968 3796 1049 3862 Mox
1069 3820 1127 3882 pro
1148 3801 1262 3884 φιηρης
1282 3799 1316 3863 ἐν
1337 3796 1447 3869 πόνοις

257 3899 259 3904 ’
348 3906 526 3998 ἐρχομένης,
541 3910 627 3996 quod
647 3931 706 3974 neo
727 3908 875 3975 Atticum
892 3915 1020 3974 estnec
1037 3907 1143 3974 sensui
1161 3909 1446 3989 accommodatum,

346 4023 419 4110 lege
435 4018 607 4110 ἐχομένηςς
629 4040 727 4108 quom
745 4019 952 4089 certissimam
970 4018 1185 4106 conjecturam
1198 4018 1291 4086 video
1314 4021 1355 4086 ab
1372 4020 1445 4087 aliie

347 4141 531 4221 occupatam
550 4155 625 4199 ease.

390 4247 463 4313 655.
508 4243 615 4326 ἐπειδὴ
643 4243 811 4327 μιμήματα
835 4239 961 4330 τρόπων
986 4240 1057 4307 ἐστὶ
1081 4241 1123 4308 τδ
1150 4242 1224 4331 περὶ
1250 4242 1387 4332 χορείας,
1411 4244 1446 4312 ἐν

345 4357 487 4447 πράξεσί
504 4384 540 4424 τε
560 4355 779 4426 παντοδαπαῖς
798 4353 967 4439 «γιγνόμενα
989 4353 1042 4420 καὶ
1066 4354 1178 4444 τύχαις
1199 4355 1254 4422 καὶ
1274 4355 1368 4438 ἤθεσι
1389 4357 1447 4424 καὶ

345 4468 508 4555 μιμήμασι
529 4468 704 4553 διεξιόντων
726 4466 869 4534 ἑκάστων
887 4493 970 4533 κ.τ.ε.
1018 4467 1108 4533 Fieri
1127 4468 1257 4555 quidem
1278 4476 1383 4555 potest
1403 4467 1444 4537 nt

345 4583 461 4671 aliquio
476 4582 619 4650 saltando
632 4583 717 4670 ipsas
730 4580 925 4647 imitationes
940 4578 1096 4647 imitetur.
1141 4580 1203 4646 Sed
1222 4580 1311 4647 lusus
1329 4582 1386 4669 huj
1390 4606 1442 4650 ne·

345 4695 432 4765 modi
456 4693 589 4763 minime
612 4694 730 4783 dignus
752 4701 820 4760 erat
841 4692 898 4779 qui
921 4691 1114 4761 interritae
1135 4716 1234 4772 caeno,
1258 4701 1291 4760 et
1315 4693 1442 4782 ingenii
1543 4782 1546 4787 ⁴
