3850 5700
426 836 473 878 XX
688 834 731 879 DE
752 834 909 879 PLATONIS
931 835 1070 880 LEGIBUS
1091 834 1257 881 morou.

425 1011 531 1075 finalis
545 1034 640 1098 supra
653 1010 771 1078 lineam
790 1012 1009 1099 compendiose
1028 1012 1146 1103 scripta
1160 1018 1306 1097 ponetur,
1322 1011 1374 1077 vel
1388 1036 1408 1077 a
1421 1011 1488 1079 solo
1502 1039 1526 1079 τ
1581 1025 1583 1030 ’

426 1131 678 1207 repraesentetur.
722 1122 810 1187 Hine
825 1122 944 1187 factum
963 1131 1012 1188 est
1033 1124 1118 1208 quod
1136 1123 1173 1188 in
1193 1124 1266 1202 717,
1281 1121 1366 1204 βέλη
1384 1121 1413 1187 δ’
1428 1122 1529 1189 αὐτοῦ

428 1231 482 1298 καὶ
501 1232 567 1298 οἷον
580 1234 599 1315 ἡ
614 1237 679 1303 τοῖς
691 1232 825 1313 βέλεσιν
840 1232 956 1320 ἔφεσις,
974 1234 1071 1299 αὐτοῦ
1089 1257 1108 1299 α
1127 1235 1230 1300 scriba
1249 1220 1388 1321 positum
1406 1235 1449 1300 sit
1468 1234 1528 1320 qui
1559 1291 1562 1296 .

412 1400 414 1403 .
427 1344 463 1409 in
478 1367 533 1409 suo
548 1345 653 1411 codiee
670 1345 753 1409 nihil
772 1353 887 1431 praeter
902 1344 951 1423 αὖ,
967 1369 1039 1432 ques
1053 1369 1128 1411 vera
1142 1347 1236 1412 leotio
1257 1355 1313 1426 est,
1329 1354 1404 1412 ante
1418 1346 1527 1412 oeulos
1553 1413 1556 1418 ,

426 1454 572 1521 habebat.
617 1454 715 1543 Cujus
730 1455 844 1520 erroris
858 1462 890 1519 et
905 1479 1001 1541 supra
1015 1464 1048 1521 et
1061 1456 1097 1520 in
1117 1455 1321 1543 Euthydemo
1341 1457 1527 1544 exemplum

427 1567 569 1633 oblatum
591 1576 648 1633 est.
694 1568 850 1633 Oaeterum
873 1569 979 1634 neseio
999 1570 1233 1655 compendiisne
1256 1569 1463 1634 tribuendum
1482 1570 1527 1635 sit

428 1702 470 1743 en
492 1679 635 1744 evenidae
660 1678 832 1765 seripturae,
854 1702 896 1744 an
921 1702 1017 1745 merae
1041 1679 1258 1767 negligentiae,
1279 1680 1365 1765 qnod
1389 1679 1528 1767 integrm

425 1813 517 1857 voces
542 1798 609 1856 tam
634 1814 716 1877 seepe
741 1791 776 1855 in
801 1792 852 1856 his
876 1791 968 1857 libris
991 1799 1234 1878 permutentur3
1267 1791 1357 1857 velut
1385 1793 1528 1879 exempli

426 1925 519 1968 oense
542 1902 576 1966 in
604 1902 677 1981 722,
701 1900 808 1966 πειθοῖ
833 1900 1031 1990 κεραννύντες
1055 1901 1113 1984 τὴν
1136 1900 1245 1990 μαἰχην
1268 1911 1441 1998 posnerunt
1466 1927 1528 1990 pro

425 2010 537 2101 ἀρχήν,
550 2012 596 2077 'in
619 2012 692 2092 736,
715 2011 822 2077 πειθοῖ
842 2060 850 2077 .
874 2060 881 2077 .
902 2058 911 2079 .
936 2010 1224 2092 διαβασανίσαντες
1248 2014 1442 2100 seripserrmt
1465 2039 1527 2102 pro

425 2124 529 2213 πείρα,
541 2133 573 2191 et
587 2148 671 2204 mox,
682 2126 745 2190 nisi
760 2125 852 2191 fallor
867 2123 1024 2214 ὑπάρχειν
1034 2149 1092 2212 pro
1106 2125 1164 2191 ἀπ’
1180 2127 1300 2214 ἀρχῆςτ
1321 2134 1390 2193 tum
1400 2126 1437 2192 in
1448 2129 1526 2205 780,

425 2235 462 2302 οὗ
484 2236 521 2318 δὴ
543 2235 597 2302 καὶ
622 2241 676 2303 νῦν
698 2236 853 2324 ἐφέστηκε
877 2237 952 2326 περὶ
978 2236 1015 2303 τὸ
1039 2237 1217 2320 λεγόμενον,
1240 2240 1336 2326 πεῖρα
1355 2239 1528 2306 manifeste

424 2348 609 2437 flagitatum
634 2358 654 2387 “
660 2354 831 2434 perieulum
845 2354 878 2416 ιἰι
889 2358 1015 2437 promtu
1029 2357 1082 2429 est,
1098 2358 1133 2415 ut
1148 2351 1267 2416 oiurrtss’

468 2462 540 2527 682.
587 2461 669 2527 θεῖον
689 2460 751 2549 ιγὰρ
773 2461 828 2527 οὖν
848 2459 887 2543 δὴ
908 2460 961 2526 καὶ
988 2459 1189 2526 ἐνθεαστικὸν
1212 2460 1248 2527 ὂν
1265 2460 1353 2544 ιγένος
1376 2461 1528 2545 ὑμναδῶν

382 2548 389 2565 ⁶
423 2572 509 2638 huno
530 2574 716 2638 admodum
735 2582 920 2660 corruptum
937 2580 1002 2639 est:
1027 2572 1055 2638 θ.
1070 2600 1101 2656 ιγ.
1118 2600 1144 2639 ο.
1159 2573 1186 2639 δ.
1201 2573 1255 2640 καὶ
1272 2573 1325 2663 [τὸ
1339 2574 1525 2664 ποιητικὸν]

425 2682 449 2748 ε’.
466 2681 491 2747 ὀ.
506 2710 537 2766 η.
553 2681 719 2765 ὑμνωδοῦν.

468 2796 540 2861 686.
586 2796 650 2862 Pro
673 2795 712 2878 ἦν
736 2796 821 2880 ὑμεῖς
847 2796 945 2882 ἔφατε
970 2795 1196 2875 κατοικεῖσθαι,
1220 2796 1391 2884 legendum
1420 2822 1528 2884 κατῳ-

423 2906 541 2974 κίσθαι.
587 2909 680 2975 Infre
694 2910 832 2997 legitur:
856 2913 910 2974 νῦν
924 2907 962 2992 δὴ
976 2908 1035 2992 μὲν
1052 2907 1160 2991 ὀλθγον
1178 2908 1368 2996 ἔμπροσθεν.
1414 2911 1528 2984 Quum

422 3020 458 3086 in
487 3004 749 3088 Praefationsad
778 3022 951 3090 Phaedrum
981 3023 1173 3087 monuissem
1202 3019 1312 3103 ὀλθγον
1343 3019 1530 3109 ἔμπροσθεν

423 3133 578 3219 glossema
592 3157 658 3198 esse
673 3136 730 3198 τοῦ
740 3137 795 3198 νῦν
805 3131 852 3214 δὴ,
862 3133 991 3219 egregie
1001 3112 1193 3198 sententiam
1203 3155 1310 3197 meum
1321 3133 1528 3200 confirmavit

424 3244 569 3321 Oobetus,
586 3245 677 3331 eujus
696 3244 878 3328 perdoctam
892 3250 925 3307 et
938 3251 1121 3327 peracutam
1135 3242 1383 3329 disputationem
1396 3250 1435 3309 tu
1448 3267 1527 3330 pro·

423 3353 476 3420 oul
500 3353 597 3417 dubio
618 3374 683 3416 non
705 3351 837 3416 minoris
859 3350 945 3430 facis,
969 3374 1067 3437 quam
1091 3351 1200 3418 omnia
1220 3352 1324 3418 faeere
1346 3353 1426 3419 soles
1452 3377 1530 3441 quae

422 3463 568 3530 sedulum
581 3462 726 3529 veritatis
740 3462 1001 3550 investigatorem
1015 3465 1164 3549 produnt.

466 3573 508 3641 In
535 3574 607 3653 684,
631 3573 802 3640 delendum
824 3582 873 3639 est
896 3571 951 3638 τὸν
973 3572 1069 3639 αὐτὸν
1091 3573 1188 3658 λόγον
1209 3585 1281 3662 post
1308 3575 1484 3660 ζητήσομεν
1507 3602 1529 3645 e

423 3686 553 3753 librario
579 3710 597 3751 e
619 3685 705 3751 linea
731 3685 891 3771 superiore
915 3686 1096 3771 repetitum.
1150 3687 1230 3752 Mox
1255 3689 1290 3753 in
1314 3690 1528 3757 Atheniensis

424 3797 574 3876 oratione,
593 3796 706 3862 οὐκοῦν
727 3794 797 3861 τόδε
821 3821 859 3878 ηε
882 3795 1065 3883 legendnm,
1085 3798 1122 3862 in
1146 3799 1275 3886 Megffli
1300 3824 1458 3887 responso,
1478 3801 1529 3869 Τὸ

423 3913 524 3974 τοῖον.

464 4020 506 4086 In
522 4020 595 4098 685,
607 4019 733 4106 jamdiu
747 4019 856 4084 monui
870 4016 963 4084 τίνων
977 4019 1032 4085 οὖν
1045 4019 1085 4085 ἂν
1099 4019 1220 4107 σκέψιν
1234 4022 1359 4088 καλλίω
1373 4026 1529 4105 ποιησαθ

420 4132 503 4216 μεθα
530 4130 617 4218 ιτέρι4
634 4113 809 4214 νομοθετῶν
837 4130 1019 4217 legendum.
1075 4133 1160 4222 Mox*
1183 4157 1241 4220 pro
1266 4135 1426 4216 ἡττᾶσθαι
1450 4138 1529 4226 lege

421 4245 587 4328 ἡττῆσθαι,
608 4251 640 4309 et
659 4266 717 4329 pro
737 4239 791 4307 καὶ
814 4239 851 4307 τὸ
870 4242 1014 4321 βεβαίως
1033 4239 1118 4329 quod¹
1137 4244 1216 4311 ferri
1236 4248 1351 4334 nequit
1370 4261 1529 4336 sequente

421 4356 474 4424 καὶ
488 4355 611 4454 χρόνον,
627 4354 680 4420 διὰ
694 4354 731 4420 τὸ
745 4351 890 4434 βεβαίως
905 4357 1131 4442 reponendum.

464 4470 537 4534 686.
567 4462 810 4533 Deleetureivat
823 4472 896 4551 post
908 4464 1125 4554 κεχρημένους.
1157 4467 1240 4534 Tum
1254 4470 1317 4536 nisi
1328 4469 1422 4537 fallor
1432 4495 1528 4540 men.

417 4583 530 4646 desum
545 4588 591 4644 est
607 4582 715 4667 σχολῇ
734 4578 796 4666 ’γὰρ
817 4575 871 4642 οὖν
889 4575 926 4658 δή
946 4604 995 4649 τις
1012 4577 1052 4644 ἂν
1070 4576 1155 4644 ἄλλο
1174 4585 1317 4661 σκοπῶν,
1333 4605 1392 4668 pro
1407 4584 1530 4670 quibus

419 4691 612 4780 reposuerim
630 4695 739 4778 σχολῇ
753 4692 784 4773 η’
801 4689 841 4756 ἂν
855 4689 910 4756 οὖν
924 4689 962 4773 δή
978 4717 1026 4762 τις
1046 4690 1170 4758 ἀλλόσε
1189 4698 1435 4781 σκοπῶν-ηοω
1450 4721 1530 4764 vero
