3850 5700
774 833 780 844 Ι
887 750 1120 898 εϊιιιιοειοιι.
1318 817 1342 875 :⁴
1454 745 1581 871 243

425 896 530 1007 γενές
533 896 647 1000 ἐστιν,
644 849 773 973 θνα
739 919 776 965 το
769 857 927 987 περὶ
895 881 932 963 το
953 859 1053 983 σιόμα
1015 808 1239 963 καλθν
1201 883 1337 987 σμικρόν
1345 889 1392 962 ’τι
1408 886 1582 983 ηγόχσηται

426 1008 540 1093 εἶναι
556 1047 641 1113 μετα
629 1017 695 1091 δὲ
712 1015 999 1111 τάπιτηδεύματα
1016 1016 1124 1091 ἐπι
1082 1045 1146 1104 τας
1162 1014 1389 1110 ἐπιστήμας’
1365 1024 1515 1112 αγαγεῖν,
1542 1012 1578 1088 ἵν’

426 1151 484 1243 ἴδη
505 1140 550 1220 αύ
570 1146 607 1220 τὸ
632 1153 696 1220 τῶν
715 1151 902 1239 ἐπιστημῶν
920 1144 1073 1234 ιιοίλλος,Ι
1088 1148 1148 1219 καὶ
1165 1151 1289 1239 βλέπων
1312 1142 1492 1241 πρόςπολύ
1512 1143 1580 1237 ἤδη
1621 1149 1659 1183 ''''·’

426 1273 467 1349 τό
484 1275 586 1353 καλὸν
605 1281 724 1368 μηκέτι
741 1281 788 1372 τῷ
805 1271 881 1370 παρ’
900 1275 962 1363 ένό,
990 1272 1097 1371 ὥσπερ
1120 1277 1267 1366 οἰκέτης,
1294 1270 1436 1367 οἷχαπιῑν
1459 1249 1607 1345 παιδαθ
1673 1296 1675 1300 ’

426 1407 497 1501 ριόο
516 1398 667 1505 [κάλλος]
685 1402 708 1495 η’
727 1378 1040 1498 οἱνθρύπονύτινόςῆ
1060 1399 1323 1495 ἐπιτηδεύματος
1339 1398 1408 1486 ένὸς
1421 1397 1581 1473 δουλεύων

426 1536 557 1629 φαῦλος
572 1523 596 1626 ᾖ
615 1533 675 1604 καὶ
695 1527 926 1626 σμικρολόγος,
953 1526 1026 1602 ἀλλ’
1049 1531 1103 1602 ἐπὶ
1121 1527 1159 1602 τό
1178 1526 1262 1602 πολύ
1280 1535 1423 1623 πέλαγος
1441 1554 1582 1625 τετραμ-

428 1664 523 1753 μένος
536 1662 596 1731 τού
613 1661 718 1731 καλού
736 1659 796 1731 καὶ
811 1662 932 1755 θεωρῶν
949 1655 1090 1743 πολλούς
1105 1633 1167 1729 καλ
1181 1655 1307 1743 καλούς
1322 1653 1439 1750 λόγους
1453 1658 1514 1729 καὶ
1527 1683 1583 1750 με·

426 1791 645 1884 γαλοπρεπεῖς
660 1788 759 1880 τόκτη
776 1782 851 1882 [καὶ
865 1784 1093 1882 διανοήματα]
1116 1789 1149 1857 έν
1169 1788 1347 1883 φιλοσοφίᾳ
1364 1782 1502 1885 ἀφθόνῳ,
1523 1788 1583 1870 ἕως

428 1913 474 1988 οἷν
493 1918 633 1987 ἐνταῦθα
658 1916 787 2009 ῥωσθεὶς
807 1915 868 1986 καὶ
892 1910 1046 2005 αύξηθεὶς
1069 1916 1194 2006 κατιδη
1212 1910 1269 1985 τιν’
1294 1910 1476 2006 ἐπιστήμην
1506 1915 1582 2005 μίαν

426 2040 599 2135 τοιαύτην,
624 2040 646 2135 ἥ
665 2046 735 2113 ἐστι
751 2044 858 2114 καλού
877 2048 1012 2114 τοιοῦδε.
1070 2044 1173 2137 Πειρῶ
1188 2046 1225 2114 δέ
1243 2067 1307 2133 μοι,
1334 2043 1411 2136 ἔφη,
1436 2039 1491 2113 τὸν
1508 2044 1583 2113 νούν

426 2175 593 2267 προσέχειν
620 2166 664 2255 ὦς
689 2166 754 2243 οἷόν
780 2197 818 2241 τε
844 2166 1005 2263 μάλιστα.
1593 2208 1607 2240 0

508 2300 631 2370 XXIX.
675 2297 740 2383 ¹⁸30
758 2294 823 2393 γοὶρ
848 2325 889 2369 αν
908 2299 968 2391 μέχ
947 2323 999 2392 χρι
1017 2299 1134 2369 ἐνταύθ
1135 2323 1159 2369 α
1183 2322 1209 2367 π
1209 2294 1262 2392 ρός
1280 2294 1326 2369 τοὶ
1348 2294 1489 2393 ἐρωτικαὶ
1508 2323 1583 2369 παι-

427 2429 629 2520 δαγωγηθη,
656 2423 807 2520 θεώμενος
824 2426 942 2521 ἐφεξῆς
960 2452 997 2497 τε
1010 2426 1104 2497 καὶο
1088 2421 1187 2520 ὀρθῶς
1203 2450 1249 2496 τα
1265 2421 1369 2512 καλά,
1395 2423 1475 2521 πρὸς
1493 2428 1584 2509 τέλος

429 2552 498 2646 ἥδη
519 2550 572 2625 ἰόν
594 2560 658 2626 τόν
683 2556 842 2647 ἐρωτικόν
866 2552 1023 2648 ἐξαίφνης
1048 2549 1288 2649 κατόψεταίτι
1307 2551 1496 2645 θαυμαστὸν
1521 2551 1583 2646 τήν

430 2677 530 2777 φύσιν
549 2678 670 2769 ιιαλόν,
697 2677 784 2753 τοῦτ’
808 2672 978 2769 έκεῖνο,
954 2708 979 2751 ω
999 2677 1195 2777 Σώκρατες,
1223 2672 1259 2753 ού
1280 2679 1365 2773 δη”
1347 2707 1444 2753 ενεκα
1470 2682 1531 2753 καὶ
1557 2684 1585 2753 οἱ

360 2827 418 2873 211
430 2813 588 2906 ἔμπροσθε
606 2806 728 2895 πάντες
743 2805 834 2882 πόνοι
850 2800 950 2903 ἦσαν,
972 2814 1097 2904 πρῶτον
1117 2810 1173 2902 μὲν
1191 2805 1246 2882 οἱεὶ
1264 2806 1297 2882 όν
1313 2811 1374 2882 καὶ
1389 2807 1464 2882 ούτε
1478 2805 1609 2905 γιγνό-ιι

432 2963 524 3032 μενον
550 2934 616 3010 οὔτ’
636 2934 875 3032 ἀπολλύμενον,
903 2933 972 3011 οὔτ’
997 2933 1215 3030 αύξανόμενον
1234 2934 1311 3011 ούτε
1335 2943 1458 3032 φθῖνον,
1486 2934 1583 3010 ἔπειτ’

432 3062 469 3138 ού
497 3071 541 3159 τῇ
566 3066 623 3158 μέν
646 3061 765 3153 καλόν,
791 3071 836 3159 τη
859 3061 887 3137 δ’
910 3062 1060 3161 αἰσχρόν,
1088 3061 1163 3137 ούδὲ
1182 3067 1258 3137 τοτὲ
1281 3070 1356 3158 μέν,
1381 3067 1459 3137 τοτὲ
1484 3062 1510 3137 δ’
1534 3062 1585 3155 ού,

433 3190 507 3267 ούδὲ
525 3190 605 3290 πρὸς
622 3193 677 3285 μέν
697 3188 734 3264 τό
754 3189 867 3281 καλόν,
893 3189 973 3288 πρός
988 3195 1025 3264 δὲ
1040 3189 1078 3264 τό
1099 3189 1242 3288 αθσχρόν,
1269 3189 1336 3264 ούδ’
1353 3196 1428 3265 ένθα
1447 3195 1503 3286 μέν
1524 3221 1585 3265 κα

432 3308 506 3412 λόν,
531 3325 608 3398 ἔνθα
631 3316 660 3393 δ’
684 3316 834 3415 αἰσχρόν,
862 3319 905 3406 ὅς
923 3347 991 3393 τισι
1017 3322 1073 3413 μέν
1099 3317 1132 3392 όν
1157 3317 1278 3410 καλόν,
1306 3322 1373 3393 τισὶ
1393 3318 1420 3393 δ’
1441 3318 1592 3417 αἰσχρόν,

434 3444 505 3523 τύδ’
525 3441 571 3521 αύ
588 3445 859 3544 ραντασθήσεται
875 3446 968 3546 αύτῷ
989 3445 1026 3521 τὸ
1042 3447 1144 3521 καλὸν
1167 3445 1231 3522 οἷον
1255 3446 1426 3544 πρόσωπόν
1451 3478 1486 3524 τι
1511 3448 1585 3522 ούδέ

433 3584 532 3673 χεῖρες
556 3573 620 3648 τύδ’
641 3573 725 3649 ἄλλο
750 3573 843 3648 ούδὲν
865 3567 907 3647 ὧν
933 3581 1032 3669 σῶμα
1057 3582 1200 3670 μετέχει,
1228 3566 1303 3649 ούδέ
1319 3605 1370 3663 τις
1389 3575 1485 3672 λόγος
1510 3577 1586 3652 ούδέ

434 3731 482 3790 τις
500 3700 685 3797 ἐπιστήμη,
712 3700 788 3776 ούδέ
805 3729 868 3776 πον
886 3701 920 3777 όν
937 3707 970 3775 ἐν
991 3708 1087 3803 ἑτέρῳ
1103 3706 1188 3792 τινί,
1214 3702 1279 3776 οἷον
1297 3710 1329 3776 ἐν
1354 3702 1423 3806 ζῴῳ
1442 3703 1465 3799 ἢ
1486 3710 1517 3778 έν
1538 3713 1583 3800 γη

434 3830 455 3924 ἢ
478 3835 511 3904 έν
537 3827 661 3931 ούρανῷ
686 3829 710 3922 ἢ
732 3834 763 3902 έν
786 3859 831 3980 πμ
857 3829 963 3929 ἄλλῳ,
991 3827 1065 3904 ἀλλ’.
1085 3829 1169 3906 αύτό
1196 3830 1269 3906 καθ’
1288 3829 1371 3905 αύτὸ
1389 3829 1456 3926 μεθ’
1479 3831 1611 3907 αύτούθ

435 3961 591 4052 μονοειδὲς
615 3956 668 4033 ἀει
694 3957 746 4049 όν,
771 3956 818 4033 τοὶ
843 3956 870 4031 δ’
889 3957 982 4032 ἄλλοι
1005 3957 1119 4033 πάντα
1144 3959 1237 4034 καλὰ
1261 3964 1381 4034 ἐκείνου
1407 3967 1586 4056 μετέχοντα

434 4085 550 4184 τρόπον
567 4085 642 4161 τινα
660 4093 824 4178 τοιοῦτον,
851 4085 915 4160 οἷον
933 4093 1126 4181 γιγνομένων
1142 4117 1179 4161 τε
1195 4095 1260 4161 τόν
1278 4087 1388 4162 αλλων
1406 4090 1467 4162 καὶ
1483 4087 1585 4165 οἱπολ-
1621 4114 1643 4151 ἰ

435 4221 575 4309 λυμένων
599 4216 698 4310 μηδὲν
721 4219 828 4288 έκεῖνο
852 4242 935 4308 μητε
965 4242 998 4288 τι
1024 4219 1119 4288 πλέον
1149 4213 1224 4310 μητ’
1253 4221 1391 4308 έλριττον
1420 4138 1642 4311 γίγνεσθαιό

436 4344 518 4435 μηδὲ
542 4339 677 4436 πάσχειν
704 4348 814 4435 μηδέν.
868 4341 948 4415 όταν
977 4341 1019 4435 δή
1044 4370 1095 4429 τις
1117 4339 1186 4417 α’πό
1214 4350 1314 4435 τῶνδε
1338 4342 1395 4417 διοὶ
1421 4342 1460 4418 τό
1488 4342 1586 4443 ὀρθῶς
1679 4349 1683 4354 ’

435 4477 693 4569 παιδεραστεῖν
678 4468 984 4597 ἐπανιύνέιιεένο
952 4498 989 4543 το
1008 4469 1154 4544 καλόν”
1128 4499 1275 4568 αρχηται
1293 4477 1373 4545 καθο
1358 4480 1447 4568 οραν,
1472 4473 1593 4603 σχεδόν

435 4596 475 4671 όν
491 4626 524 4670 τι
542 4597 688 4672 ἅπτοιτο.
698 4626 757 4672 του
743 4571 896 4683 τέλους.
950 4602 1048 4672 τούτο
1067 4597 1132 4696 ηοὶρ
1148 4598 1192 4746 δη
1208 4598 1331 4673 ἐστι
1297 4627 1335 4672 το
1357 4597 1454 4697 ὀρθῶς
1471 4570 1580 4674 όπὶ
1539 4629 1585 4674 τα

434 4859 544 4928 καλῶν
563 4857 728 4927 όιιεένοο”
709 4881 805 4926 ενεκα
830 4862 888 4927 τού
910 4852 1062 4927 καλού’
1040 4858 1093 4927 αεὶ
1118 4855 1353 4946 ἐπανιέναι,”
1329 4883 1435 4951 ωσπερ
1461 4860 1585 4929 έπανα
