3850 5700
345 810 380 878 iv
605 831 651 881 nn
672 830 830 879 nmmum
850 832 993 879 memus
1013 828 1177 877 mmmm.

346 1032 407 1092 μον
426 1007 525 1079 οὕτως
547 1007 791 1097 ὑπερεπήνεσας,
811 1005 883 1077 τούς
904 1004 931 1071 δ’
951 1004 1072 1094 ἔψεξας
1092 1008 1156 1072 τῶν
1173 1003 1316 1093 άνδρῶν;
1340 1003 1446 1077 ἔοικας

346 1120 406 1205 μὲν
426 1120 489 1211 γὰρ
509 1117 590 1209 πρὸς
610 1118 683 1190 τοὺς
702 1117 802 1189 εἰιτάς.
847 1118 912 1192 Qui
929 1141 1056 1184 mecum
1077 1117 1176 1184 sentit
1195 1117 1342 1196 ε’παινῶν,
1357 1118 1445 1203 quod

346 1258 501 1323 perquam
517 1234 715 1301 incommode
735 1232 875 1319 positum
892 1229 975 1319 πρὸς
993 1228 1129 1318 πότερον
1149 1228 1205 1296 τὸν
1222 1228 1364 1313 πόλεμον
1381 1229 1444 1294 im-

346 1346 437 1433 pedit
458 1369 500 1412 ne
521 1368 586 1418 uno
611 1352 723 1413 tenore
741 1346 898 1424 decorat,
916 1366 1046 1410 manere
1066 1366 1132 1410 non
1156 1343 1305 1430 potietur.
1349 1342 1446 1415 Quod

345 1480 422 1525 sero
435 1457 589 1545 sequitur,
604 1455 678 1527 τοὺς
697 1454 795 1534 εἰιτὸς,
811 1455 1018 1522 menifestum
1036 1462 1085 1522 est
1101 1456 1310 1543 grammatico
1323 1454 1443 1532 deberi,

347 1571 405 1657 qui
423 1576 491 1635 tom
509 1568 697 1636 Aristarcho
716 1568 830 1636 similis
851 1575 899 1634 est
919 1590 1018 1654 quam
1037 1567 1133 1655 lupus
1153 1567 1235 1634 coni.
1279 1566 1368 1653 Lege
1389 1563 1446 1630 τὸν

347 1678 445 1751 εἰιτδς.
480 1704 523 1746 sc.
538 1677 688 1763 πόλεμον.
723 1728 725 1733 ·
757 1718 759 1722 ·

393 1793 466 1858 630.
502 1789 640 1879 Ὥσπερ
662 1788 700 1855 τό
722 1789 750 1856 τ’
773 1789 899 1871 ἀληθὲς,
917 1788 1015 1873 οἶμαι,
1030 1786 1084 1854 καὶ
1106 1787 1143 1854 τὸ
1166 1787 1285 1854 δίκαιον
1307 1787 1387 1877 ὑπέρ
1408 1814 1447 1871 ηε

348 1903 435 1975 θείας
456 1899 694 1986 διαλεγομένους
713 1904 827 1984 λέγειν.
870 1902 969 1989 Lege,
989 1899 1069 1988 ὑπέρ
1090 1925 1128 1983 ιγε
1148 1898 1233 1965 θείου
1253 1898 1380 1988 ἀνδρόςς
1402 1924 1446 1966 sc.

348 2017 388 2084 άο
409 2011 536 2084 Μάνου]
570 2014 671 2080 Error
688 2020 776 2080 ortus
793 2021 841 2080 est
855 2037 873 2079 e
887 2012 1083 2100 compendiis
1101 2012 1266 2100 neglectis.
1312 2014 1372 2078 Θει
1394 1995 1446 2097 ορ,
1507 2082 1521 2089 Ἴ,

307 2165 311 2172 f
348 2126 556 2214 superpositis
570 2123 777 2212 compendiis
806 2123 900 2191 alteri
925 2124 1057 2211 syllobae
1085 2123 1131 2198 οὐ,
1158 2124 1254 2189 elteri
1276 2149 1320 2202 ος,
1347 2146 1448 2210 quum

347 2238 383 2304 in
409 2235 497 2325 θείαρ
519 2238 693 2323 depravata
715 2242 806 2315 esset,
828 2235 890 2301 hoo
914 2236 950 2300 in
974 2232 1060 2304 θείας
1079 2240 1240 2300 mutatum
1264 2240 1321 2300 est.
1365 2235 1447 2300 Mox

347 2350 520 2437 legendum
543 2350 690 2418 videtm:
722 2347 776 2413 καὶ
800 2346 842 2413 τὰ
867 2346 932 2427 εἴδη
955 2347 1056 2427 ζητεῖν
1076 2344 1171 2411 αὐτὸν
1193 2347 1226 2411 ἐν
1246 2349 1312 2416 τοῖς
1332 2344 1448 2429 νόμοις,

256 2539 261 2548 ¹
348 2463 410 2550 ούχ
437 2461 519 2549 ἅπερ
548 2460 580 2526 οἱ
606 2463 670 2526 τῶν
698 2464 752 2526 νῦν
777 2458 880 2542 νόμων
907 2458 1073 2541 νομοθεται
1097 2456 1315 2546 προτιθέμενοι
1340 2459 1446 2539 ζητοῦ-

347 2598 411 2639 σιν.
458 2573 530 2639 Scio
554 2570 634 2659 ὑπέρ
658 2595 696 2654 ηε
721 2568 806 2639 θείας
830 2568 995 2639 πολιτείας
1018 2593 1038 2635 a
1060 2569 1223 2635 nonnullis
1244 2569 1323 2635 viris
1345 2571 1448 2636 doctis

347 2684 545 2772 propositum
559 2685 599 2750 ab
614 2683 801 2748 Hermanno
819 2688 982 2767 receptum
999 2705 1074 2747 esse.
1116 2680 1166 2747 At
1179 2704 1245 2747 non
1263 2683 1303 2746 de
1323 2681 1448 2749 civitate

348 2795 466 2884 agitur,
489 2796 545 2862 sed
564 2796 605 2862 de
626 2794 696 2862 viro
720 2794 846 2880 dequo
862 2792 956 2860 vinfm
980 2792 1107 2872 dicitur,
1131 2790 1224 2859 ἐτίθει
1247 2790 1390 2872 βλύιιων,
1413 2799 1448 2858 et

348 2908 480 2973 fortusse
501 2905 599 2972 etiam
622 2903 730 2987 ἐζήτει,
744 2905 830 2993 quod
851 2927 950 2992 quum
971 2903 1007 2969 in
1030 2905 1129 2984 ζητεῖν
1148 2910 1333 2990 corruptum
1354 2911 1446 2983 esset,

348 3015 444 3084 αὐτὸν
458 3018 618 3107 adjectum
632 3025 688 3084 est.
1405 3062 1407 3066 -

393 3129 466 3195 631.
511 3128 627 3194 Monui
640 3130 682 3194 ad
698 3127 869 3194 Philebum
883 3151 924 3193 ex
944 3126 1062 3195 stobaei
1073 3126 1144 3194 Ecl.
1159 3126 1259 3214 Phys.
1273 3125 1310 3191 in
1324 3125 1409 3191 καὶέ

265 3316 269 3322 ,
347 3239 406 3326 μὲν
425 3237 559 3328 δέχηταί
577 3265 625 3308 τις
642 3237 684 3304 τά
705 3237 832 3322 μείζονα
854 3237 958 3312 πόλις,
974 3242 1089 3305 κτᾶται
1110 3238 1165 3304 καὶ
1187 3236 1229 3303 τά
1248 3237 1448 3304 ἐλάττονα-

349 3373 408 3437 pro
421 3347 517 3420 πόλις
531 3349 790 3430 κτεῖναν-(δῖοί).
803 3347 1039 3437 παρίστασθαι)
1055 3350 1227 3437 legendum
1241 3349 1448 3439 παρίσταται.
1491 3391 1493 3394 ν

348 3462 428 3528 Mox
449 3460 530 3547 lege,
552 3459 633 3543 μετὰ
654 3463 718 3526 νοῦ.
762 3460 854 3527 Alibi
875 3458 933 3542 τὴν
953 3458 1079 3544 δημώδη
1101 3461 1310 3550 σωφροσύνην
1330 3464 1448 3530 abillo

349 3595 446 3660 quam
461 3570 613 3660 φρόνησις
629 3571 799 3637 comitatur
817 3571 1059 3637 discernendam
1076 3582 1194 3639 monet.
1237 3575 1319 3640 Mox
1337 3574 1447 3661 legen·

349 3686 436 3763 dum,
451 3682 533 3767 μετὰ
546 3682 580 3749 δὲ
594 3686 696 3749 τοῦτο
709 3681 767 3752 τὰς
781 3681 885 3752 ἄλλας
904 3681 1034 3770 πράξεις
1048 3686 1113 3754 τοῖς
1127 3683 1275 3756 πολίταις
1289 3685 1333 3755 εἰς
1346 3685 1449 3751 ταύτά

349 3794 537 3876 βλεπούσας
551 3794 672 3866 τούτοις
686 3793 764 3860 εἶναι
778 3792 1023 3860 διακελευστέον.
1063 3796 1144 3870 Quae
1160 3797 1247 3863 enim
1260 3806 1447 3885 sequuntur,

348 3907 480 3994 nuptiae,
489 3907 662 3974 liberorum
672 3907 899 3986 institutiones,
909 3908 1156 3974 adolescentium
1166 3934 1340 3998 senumque
1351 3912 1448 3978 collo-

348 4020 425 4107 quia
435 4027 467 4086 et
478 4019 592 4098 studia,
603 4020 689 4106 quod
697 4018 786 4084 uliud
795 4042 912 4085 nomen
923 4043 1021 4107 quam
1028 4019 1159 4109 πράξεις
1167 4022 1283 4089 hebere
1293 4024 1449 4110 possunt?

347 4131 405 4197 Sin
419 4128 612 4219 προστάξεις
625 4129 836 4216 relinquatur,
848 4128 968 4196 diversi
981 4130 1047 4196 sint
1060 4154 1186 4199 necesse
1200 4135 1262 4200 erit
1276 4135 1333 4222 qui
1343 4161 1448 4223 προσ-

347 4241 509 4309 τάσσουσι
527 4243 569 4308 ab
587 4241 628 4306 iis
642 4240 700 4328 qui
719 4237 961 4319 διακελεύονται,
977 4243 1064 4328 quod
1077 4250 1199 4310 caeterae
1213 4244 1350 4312 orationi
1371 4269 1447 4312 con-

289 4360 316 4437 ’ἢ
346 4352 485 4419 tradioit.
529 4353 573 4419 In
587 4351 783 4439 Thucydide,
799 4375 830 4419 v.
848 4351 899 4431 89,
916 4349 1034 4417 δυνατά
1048 4350 1074 4416 δ’
1089 4352 1121 4418 οἱ
1132 4353 1325 4444 προύχοντες
1342 4384 1446 4445 προσ·

346 4461 508 4528 τάσσουσι
535 4487 594 4550 pro
622 4465 811 4551 πράσσουσι
839 4461 1012 4550 legendum
1035 4466 1162 4532 monuit
1183 4468 1379 4556 Burgesius3
1410 4470 1448 4536 in

322 4597 325 4604 ·
344 4575 472 4662 Synesii
489 4574 592 4661 Epist.
609 4574 662 4654 94,
677 4573 749 4640 init.
767 4573 867 4640 Oodd.
882 4574 938 4641 elii
952 4573 1150 4663 πράγμασιν,
1164 4578 1221 4644 alii
1240 4588 1325 4648 recte
1341 4608 1444 4669 προσ-

342 4686 505 4771 τάγμασιν
517 4686 648 4753 hubent.
