3850 5700
404 741 445 807 14
883 738 1090 796 ιιιετυιιοκ

344 903 393 950 184
402 908 464 970 νει,
491 880 553 953 ἅτε
575 883 696 979 μονίμφ
723 882 905 966 συντακείς.
959 877 1097 966 τούτους
1124 879 1167 974 δὴ
1185 879 1340 976 βούλεται
1361 878 1378 953 ὁ
1404 877 1591 979 ἡμέτερος.

402 1006 498 1103 νὸμος
514 1001 549 1080 εῦ
568 1010 628 1080 καὶ
646 1010 757 1093 καλῶς
774 1010 969 1101 βασανίζειν,
997 1006 1157 1105 [καὶτοῖς
1174 1011 1230 1102 μὲν
1247 1014 1461 1107 χαρίσασθαι,
1488 1007 1568 1096 τοῦς

402 1139 439 1209 δὲ
455 1133 652 1233 διαφυγεῖν]
706 1134 763 1208 διοὶ
781 1133 874 1209 ταῦτ’
897 1128 951 1209 οῦν
974 1146 1042 1222 τοῖς
1061 1139 1117 1230 μὲν
1137 1135 1261 1210 διώκειν
1285 1136 1566 1235 παρακελεύεται

403 1272 471 1351 τοῖς
486 1266 523 1337 δὲ
537 1262 677 1360 φεύγειν,
706 1262 910 1357 ἀγωνοθετῶν
928 1266 989 1337 καὶ
1003 1268 1196 1358 βασανίζων,
1225 1273 1365 1363 ποτέρων
1382 1263 1455 1340 ποτ’
1476 1271 1566 1339 ἔστιν

404 1391 517 1489 ὁέρῖιν
545 1395 603 1465 καὶ
629 1399 769 1489 ποτέρων
798 1389 813 1464 ὁ
842 1390 1004 1488 ἐρώμενος.
1058 1393 1143 1467 οῦτω
1168 1393 1210 1488 δὴ
1239 1392 1317 1489 [ύπὸ
1343 1393 1475 1488 ταύτης
1503 1399 1567 1489 τῆς
1607 1461 1609 1466 ,

390 1514 530 1622 αἰτίας]
552 1528 676 1617 πρῶτον
695 1523 750 1612 μέν
769 1518 806 1593 τὸ
824 1517 1020 1594 ἁλίσκεσθαι
1035 1521 1120 1616 ταχύ
1140 1523 1272 1619 αἰσχρὸν
1291 1521 1490 1617 νενόμισται,
1512 1525 1568 1596 ίνα

403 1648 514 1748 χρόνος
541 1655 733 1744 ἐγγένηται,
769 1635 869 1742 ὁςδὴ
897 1655 989 1722 δοκεῖ
1013 1648 1059 1723 τοὶ
1088 1649 1196 1724 πολλοὶ
1222 1655 1336 1737 καλῶς
1361 1654 1550 1745 βασανίζειν

404 1783 520 1851 ἔπειτα
538 1775 575 1851 τὸ
598 1774 662 1850 ῦπὸ
682 1774 859 1873 χρημάτων
881 1779 941 1850 καὶ
960 1774 1024 1850 ῦτὸ
1046 1782 1220 1851 πολιτικῶν
1242 1775 1410 1873 δυνάμεων
1426 1776 1592 1852 οἱλωναιυ

405 1904 554 2003 αἰσχρὸν,
582 1902 639 1977 ἐοὶν
658 1933 694 1977 τε
710 1913 825 1993 κακῶς
848 1902 984 2000 πάσχων
1010 1903 1124 2001 πτύξῃ
1141 1910 1201 1980 καὶ
1219 1905 1265 2001 μὴ
1283 1904 1496 2005 καρτερήσῃ,
1526 1907 1567 1981 ἄν

404 2032 431 2108 τ’
458 2032 721 2132 εύεργετούμενος
748 2038 792 2120 είς
819 2032 978 2132 χρήματα
1000 2033 1022 2127 ἧ
1049 2039 1095 2122 εἰς
1112 2033 1303 2133 διαπράξεις
1321 2033 1499 2123 πολιτικὰς
1520 2034 1566 2131 μή

404 2160 658 2260 καταφρονήσῃ.
713 2159 805 2236 οῦδὲν
824 2160 888 2259 γοὶρ
910 2169 1001 2235 δοκεῖ
1017 2160 1140 2235 τούτων
1160 2161 1235 2236 οῦτε
1254 2169 1380 2259 βέβαιον
1401 2161 1481 2237 ούτε
1510 2163 1568 2259 μό-

397 2319 492 2386 νιμον
511 2290 609 2380 εἶναι,
636 2294 731 2389 χωρὶς
750 2297 807 2364 τοῦ
830 2293 914 2385 μηδὲ
935 2297 1116 2388 πεφυκέναι
1133 2289 1190 2365 ἀπ’
1208 2289 1319 2365 αύτῦν
1340 2296 1497 2386 γενναίαν
1516 2321 1566 2390 φι-

404 2424 488 2493 λίαν.
531 2422 592 2513 μία
610 2418 652 2513 δὴ
671 2423 818 2492 λείπεται
835 2426 881 2519 τῷ
898 2416 1045 2520 ἡμετέρῳ
1065 2418 1150 2520 νὸμφ
1168 2416 1253 2507 ὁδός,
1281 2424 1310 2493 εἰ
1326 2425 1435 2515 μέλλει
1450 2426 1568 2508 καλῶς

405 2553 584 2645 χαριεῖσθαι
612 2551 738 2645 ἐραστῇ
764 2545 914 2621 παιδικά.
968 2547 1075 2645 ὥσπερ
1100 2546 1165 2645 γὰρ
1191 2545 1268 2643 ἡμῖν
1295 2547 1389 2643 νὸμος
1413 2550 1470 2622 ἐπὶ
1496 2559 1568 2637 τοῖς

406 2681 562 2774 ἐρασταῖς
579 2668 637 2770 ἦν,
665 2673 825 2748 δουλεύειν
842 2681 979 2750 ἐθελοντι
995 2674 1142 2771 ἡντινοῦν
1160 2681 1308 2750 δουλείαν
1329 2684 1498 2765 παιδικοῖς
1519 2676 1566 2772 μὴ

405 2808 582 2878 κολακείαν
607 2802 688 2878 είναι
706 2801 781 2900 μηδ’
800 2808 1032 2895 ἐπονείδιστον,
1061 2804 1145 2878 ούτω
1169 2803 1213 2900 δὴ
1234 2808 1294 2879 καὶ
1319 2802 1446 2891 τούτοις
1470 2803 1591 2901 ἄλλην

406 2938 467 3029 μία
493 2932 637 3021 ἑκούσιος
659 2938 805 3007 λείπεται
827 2931 888 3007 οῦκ
911 2938 1148 3020 ἐπονειδιστος··
1172 2933 1261 3028 αῦτη
1279 2931 1412 3007 δ’ἐστὶν
1438 2932 1462 3029 ἡ
1492 2938 1568 3034 περὶ

405 3064 465 3158 τὴν
492 3060 624 3161 ἀρετήν.
1268 3131 1271 3136 .

483 3197 538 3264 ΧΙ.
592 3189 792 3285 Νενὸμισται
817 3189 881 3287 γὰρ
903 3189 945 3285 δὴ
969 3187 1064 3284 ἡμῖν,
1091 3188 1148 3263 ἐάν
1175 3218 1225 3278 τις
1250 3195 1342 3286 ἐθέλῃ
1368 3189 1443 3264 τιυοὶ
1472 3196 1566 3291 θερα-

406 3319 529 3409 πεύειν,
555 3317 731 3413 ἡγούμενος
754 3315 794 3391 δι’
821 3325 938 3391 ἐκεῖνον
964 3317 1102 3411 οἱμείνωυ
1125 3318 1293 3413 ἐσεσθαιῆ
1320 3318 1413 3393 κατὰ
1440 3325 1566 3418 σοφίαν

406 3447 481 3522 τινά
506 3447 528 3542 ἠ
549 3444 624 3520 κατ’
651 3445 733 3520 ἄλλο
760 3443 865 3520 ὁτιοῦν
889 3453 984 3545 μέρος
1006 3444 1146 3543 ἀρετῆς,
1174 3446 1264 3542 αῦτη
1286 3440 1330 3521 αῦ
1354 3445 1377 3543 ἡ
1399 3452 1567 3523 ἐθελοδου-

406 3581 480 3650 λεία
496 3573 558 3650 οῦκ
580 3574 701 3673 αἰσχροὶ
719 3573 800 3647 εἶναι
822 3573 896 3648 οῦδὲ
916 3579 1088 3649 κολακεία.
1141 3583 1191 3648 δεῖ
1211 3574 1254 3671 δὴ
1274 3575 1321 3649 τί)
1339 3573 1426 3670 νόμω
1452 3575 1567 3653 τούτω

407 3708 581 3799 ξυμβαλεῖν
607 3709 651 3790 εἰς
676 3701 802 3786 ταύτύ,
828 3702 883 3776 τὸν
909 3732 946 3776 τε
970 3707 1041 3800 περὶ
1067 3704 1128 3795 τὴν
1153 3707 1391 3803 παιδεραστίαν
1418 3708 1482 3779 καὶ
1509 3707 1566 3781 τὸν

408 3837 478 3934 περὶ
495 3833 555 3929 τήν
575 3835 691 3930 σοφίαν
708 3834 820 3905 τεκαὶ
837 3830 897 3926 τήν
914 3829 1022 3925 σ’ίλλην
1042 3829 1174 3930 αἱρετήν,
1202 3837 1231 3907 εί
1246 3835 1594 3929 μέλλειξυμβαίνεινυ

407 3963 509 4037 καλὸν
531 3966 678 4057 γενέσθαι
695 3960 732 4034 τὸ
749 3966 874 4058 ἐραστῇ
895 3960 1035 4034 παιδικοὶ
1058 3965 1264 4059 χαρίσασθαι.
1316 3961 1397 4034 ὁταν
1422 3961 1491 4061 γὰρ
1520 3969 1568 4052 είς

407 4090 530 4165 ταύτὸν
559 4095 690 4163 ἔλθωσιν
718 4087 862 4186 ἐραστής
889 4117 925 4162 τε
951 4092 1012 4163 καὶ
1040 4089 1181 4186 παιδικὰ
1209 4089 1304 4184 νόμον
1334 4094 1413 4184 ἔχων
1444 4089 1565 4167 ἐκάτε-

408 4248 478 4318 ρος,
502 4218 518 4292 ὁ
539 4221 595 4313 μὲν
617 4225 845 4316 χαρισαμένοις
862 4224 1027 4304 παιδικοῖς
1044 4214 1214 4314 ύπηρετῦν
1236 4215 1341 4291 ὁτιοῦν
1360 4222 1502 4307 δικαίως
1522 4219 1565 4294 ἂν

407 4346 594 4446 ὑπηρετεῖν,
622 4345 638 4420 ὁ
657 4349 694 4420 δὲ
716 4352 763 4444 τῷ
780 4352 924 4419 ποιοῦντι
948 4343 1050 4419 αύτὸν
1076 4344 1175 4443 σοφόν
1193 4374 1230 4420 τε
1253 4343 1397 4442 κοὶχαθὸν
1424 4352 1566 4435 δικαίως

409 4469 454 4550 αῦ
473 4474 579 4549 ὁτιοῦν
597 4473 637 4547 σίν
658 4473 849 4570 ῦπουργεῖν,
876 4477 936 4547 καὶ
955 4471 970 4547 ὁ
991 4477 1048 4569 μὲν
1072 4472 1250 4569 δυνοίμενος
1265 4479 1311 4561 είς
1328 4473 1485 4572 φρόνησιν
1505 4480 1567 4550 καὶ

407 4604 469 4700 τὴν
493 4603 597 4695 ἄλλην
615 4600 737 4699 α’ρετήν
756 4601 1012 4696 ξυμβάλλεσθαι,
1040 4600 1056 4676 ὁ
1075 4606 1112 4676 δὲ
1134 4600 1283 4696 δεόμενος
1303 4607 1477 4677 Ιπαιδευσιν
1506 4607 1589 4679 καὶ.

408 4731 468 4826 τήν
488 4730 594 4824 ἄλλην
614 4735 731 4828 σοφίαν
747 4737 902 4820 κτᾶσθαι,
929 4729 1004 4804 τότε
1023 4731 1069 4822 δὴ
1085 4730 1209 4805 τούτων
1226 4731 1394 4820 ξυνιόντων
1417 4735 1465 4818 τίς
1481 4732 1566 4808 ταῦ·

358 4921 362 4930 .
408 4861 463 4936 τὸν
480 4867 544 4933 τῶν
560 4857 662 4955 νὸμων
684 4863 825 4954 μοναχοῦ
847 4863 990 4933 ἐνταῦθα
1011 4860 1186 4954 ξυμπίπτει
1206 4859 1243 4933 τὸ
1259 4858 1361 4933 καλὸν
1380 4856 1465 4933 εἶναι
1489 4889 1567 4937 παι-
