3850 5700
354 804 436 872 xxiv
616 823 660 869 nn
682 824 838 870 ennroms
859 824 1000 871 auersus
1022 824 1186 872 urrerem.

354 1009 494 1089 superest
508 1001 543 1067 in
557 1002 736 1067 Hermanni
751 1004 888 1070 editione
905 1001 960 1069 τὸν
979 1003 1132 1085 πλάστην
1151 1004 1206 1073 τὸν
1225 1003 1321 1070 αὐτὸν
1340 1004 1452 1093 ὥσπερ

355 1112 435 1193 τότε,
448 1122 587 1200 superest
601 1114 636 1180 in
651 1138 684 1201 p.
697 1115 760 1180 729
772 1113 992 1203 προσαγορεύῃ
1006 1117 1046 1181 de
1060 1140 1097 1181 eo
1111 1116 1232 1182 dietum
1247 1117 1304 1202 qui
1318 1118 1451 1182 manda·

356 1232 425 1291 tum
440 1226 516 1291 edit.
560 1225 598 1292 L.
614 1223 716 1314 ὅσπερ
730 1233 762 1292 et
777 1225 982 1314 προαγορεθῇ.
1022 1228 1091 1294 Νοα
1106 1250 1180 1293 vero
1190 1227 1226 1292 in
1239 1250 1271 1313 p.
1285 1227 1348 1293 739
1364 1228 1453 1313 quis-

354 1360 450 1423 quam
471 1337 628 1425 corrigere
648 1360 742 1403 ausus
756 1345 812 1415 est,
829 1336 858 1402 εἴ
875 1363 922 1408 τις
941 1336 1042 1407 ἄλλος
1059 1336 1151 1421 ἂνδή
1168 1364 1247 1403 ποτε
1262 1336 1452 1420 ἐθελήσειεν,

354 1448 439 1534 quod
447 1456 554 1514 tamen
566 1455 677 1535 sponte
688 1472 745 1514 sua
752 1447 841 1513 ducit
852 1448 892 1513 ad
904 1447 987 1518 εἴτις
997 1447 1098 1518 ἄλλος
1106 1449 1147 1514 αὖ
1156 1447 1194 1530 δή
1204 1474 1284 1514 ποτε
1294 1448 1452 1531 ἐθελήσει.

233 1558 235 1567 ¹
354 1561 568 1627 Ooneetiones
577 1566 683 1626 autem
693 1558 834 1626 virorum
845 1559 1009 1625 doctorum
1017 1561 1052 1626 in
1060 1561 1112 1626 his
1119 1561 1210 1627 libris
1218 1584 1451 1648 nonnunquam

353 1696 387 1739 se
405 1673 542 1739 offerunt
556 1671 757 1737 festinantius
770 1669 871 1748 laetae,
887 1671 943 1758 ubi
963 1672 990 1737 si
1004 1672 1160 1759 reliquam
1176 1673 1349 1738 orationem
1367 1674 1451 1739 bene

352 1781 963 1871 ponderassent‚errarevixpotuissent.
998 1783 1270 1855 Quemadmodum
1281 1785 1317 1849 in
1326 1808 1359 1872 p.
1373 1787 1450 1864 668,

351 1916 484 1981 pravam
497 1892 665 1959 lectionem
679 1891 790 1981 οὐγὰρ
805 1892 834 1958 εἴ
851 1896 897 1980 τῷ
914 1891 999 1959 δοκεῖ
1011 1893 1031 1976 ἢ
1044 1892 1089 1977 μή
1103 1920 1151 1964 τις
1164 1893 1270 1983 χαίρει
1284 1899 1337 1982 τῷ,
1354 1894 1391 1962 τό
1410 1923 1451 1980 γε

353 2005 424 2071 ἴσον
437 2004 515 2084 ἴσον,
529 2002 599 2070 οὐδὲ
612 2003 649 2070 τὸ
664 2004 843 2093 συμμέτρου
856 2004 896 2071 dv
910 2005 957 2087 εἴη
972 2004 1151 2095 σύμμετρον
1161 2007 1450 2078 ‹ileo-Herman-

351 2140 412 2184 nus
425 2114 480 2198 ἡδὺ
491 2115 733 2199 οολοῆἱοεοτθο,
744 2125 776 2182 et
785 2115 830 2199 μὴ
840 2117 962 2183 ineluso
973 2119 1063 2205 pejus
1074 2119 1268 2204 depravavit.
1300 2120 1450 2187 Postulat

350 2230 506 2295 sententia
526 2227 555 2294 ει’
572 2232 617 2316 τῷ
634 2226 718 2294 δοκεῖ
738 2253 770 2294 τι
781 2255 792 2305 ,·
814 2229 910 2315 idque
931 2253 966 2294 re
987 2252 1062 2296 vera
1083 2230 1129 2294 ibi
1150 2239 1206 2309 est,
1222 2222 1286 2296 nisi
1306 2233 1392 2318 qnod
1415 2258 1451 2297 τι

350 2341 485 2428 speeiem
506 2344 563 2409 τοῦ
582 2342 622 2405 Η
641 2342 828 2429 assumpsit;
854 2348 924 2406 tum
945 2342 1030 2427 quod
1051 2344 1224 2408 necessario
1245 2344 1447 2430 sequebatur,

348 2452 370 2535 ἤ
384 2479 431 2523 τις
444 2451 549 2541 χαίρει
563 2480 607 2539 τῳ
621 2462 750 2539 propter
768 2455 998 2540 praeoedeutem
1013 2477 1151 2520 errorem
1165 2455 1199 2519 in
1214 2453 1259 2537 μή
1273 2480 1321 2525 τις
1337 2464 1446 2521 muta·

341 2574 419 2632 -tum
442 2575 498 2632 est.
545 2567 637 2640 Quod
658 2566 695 2631 in
715 2589 747 2652 p.
771 2567 834 2631 653
855 2565 984 2653 legitur,
1011 2566 1047 2632 t'v'
1073 2567 1307 2655 ἐπανορθῶνται
1328 2567 1386 2638 τάς
1410 2594 1449 2634 τε

349 2676 477 2765 τροφὰς,
498 2677 663 2761 γενομένας
685 2678 718 2743 ἐν
741 2681 809 2749 ταῖς
834 2677 955 2765 ἑορταῖς
975 2679 1056 2762 μετὰ
1079 2678 1166 2754 θεῶν,
1187 2703 1253 2745 non
1275 2681 1322 2745 ita
1344 2680 1448 2745 eorri·

350 2790 490 2877 gendum
504 2795 572 2855 erat
585 2796 622 2855 ut
636 2814 671 2855 τε
684 2788 718 2854 in
733 2814 770 2874 γε
784 2795 1028 2869 converteretur,
1040 2813 1116 2856 nam
1129 2798 1167 2857 ut
1176 2791 1264 2858 vides
1278 2790 1448 2878 partious

349 2902 404 2967 isti
417 2901 500 2966 nihil
517 2908 565 2967 est
584 2900 637 2967 hie
651 2899 724 2968 looi.
768 2899 803 2966 si
820 2899 1027 2966 attendissent
1047 2902 1088 2966 ad
1106 2900 1271 2985 γενομένας
1288 2903 1448 2971 vidissent

350 3010 407 3084 τὰς
420 3009 492 3078 τότε
506 3038 534 3077 τ.
549 3010 713 3095 γενομένας
726 3009 807 3095 μετὰ
822 3010 900 3076 θεῶν
913 3012 1113 3077 scribendum
1127 3036 1202 3092 esse,
1218 3014 1448 3099 expellendum

347 3147 409 3211 que
428 3123 544 3189 falsum
562 3123 814 3188 additamentum
834 3120 866 3186 e’v
885 3125 953 3191 ταῖς
973 3121 1101 3210 ἑορταῖς.
1147 3124 1265 3190 Oontra
1279 3125 1314 3189 in
1328 3148 1360 3211 p.
1377 3127 1445 3193 799

349 3256 408 3320 pro
427 3231 500 3297 τότε
518 3229 592 3319 περὶ
611 3228 807 3318 κιθαρῳδίαν,
827 3229 864 3295 τὸ
884 3229 955 3318 περὶ
978 3258 1007 3298 κ.
1030 3232 1210 3320 legendum.
1257 3235 1349 3308 Quod
1366 3261 1447 3304 vero

349 3367 425 3410 mox
440 3343 582 3430 sequitur
596 3340 665 3407 καθ’
681 3342 779 3408 ὕπνον
793 3340 827 3407 δὲ
841 3341 907 3407 οἶόν
920 3342 984 3408 πού
999 3370 1047 3415 τις
1059 3343 1080 3427 ἢ
1095 3344 1149 3411 καὶ
1167 3345 1253 3433 ὕπαρ
1268 3346 1448 3436 ἐγρηγορὼς

349 3451 499 3541 ὢνείρωξε
517 3451 742 3536 μαντευόμενος
761 3450 925 3519 αὐτὸ-εἰσ
945 3455 1177 3543 corrigendum,
1193 3467 1230 3524 ut
1249 3459 1315 3525 olor
1335 3461 1371 3525 in
1394 3460 1445 3529 ἰὸν

347 3573 489 3632 mutetur
502 3571 535 3656 et
554 3563 737 3654 ἐγρηγορὼς,
750 3565 838 3632 vocis
857 3565 943 3653 ὕπαρ
956 3565 1185 3654 interpretatio,
1201 3570 1351 3638 deleatur.
1397 3575 1445 3640 In

347 3700 380 3764 p.
400 3678 474 3756 709,
494 3674 556 3747 Ὡς
576 3674 644 3748 θεὸς
663 3675 722 3760 μὲν
743 3676 851 3742 πάντα
876 3675 929 3742 καὶ
951 3677 1032 3761 μετὰ
1056 3678 1128 3745 θεοῦ
1151 3679 1233 3770 τθχη
1258 3682 1312 3749 καὶ
1334 3684 1446 3772 καιρὸς

320 3785 549 3877 “τᾶνθρῶπιυα
571 3787 801 3877 διακυβερνῶσι
825 3787 1002 3873 ξύμπαντα.
1032 3791 1227 3881 ἡμερώτερον
1247 3794 1310 3879 μὴν
1333 3796 1452 3885 τρίτον,

346 3902 552 3990 ξυγχωρῆσαι
565 3899 686 3973 τούτοις
700 3899 762 3967 δεῖν
776 3900 911 3969 ἕπεσθαι
925 3902 1051 3992 τέχνην·
1096 3908 1194 3993 καιρῷ
1206 3905 1268 3996 γὰρ
1286 3912 1446 3996 χειμῶνος

291 4014 293 4018 ’
346 4011 570 4101 ξυλλαβέσθαι
591 4011 857 4101 κυβερνητικὴν-ἢ
878 4011 922 4097 μὴ
943 4012 1025 4098 μέγα
1046 4002 1265 4100 πλεονέκτημα
1286 4016 1377 4102 ἔγωγ’
1401 4019 1444 4086 ἂν

345 4124 440 4208 θείην.
468 4123 489 4208 ἦ
510 4127 603 4202 πῶςς
631 4125 700 4192 Nee
720 4149 887 4192 numerare
907 4150 967 4193 nee
991 4127 1080 4214 loqui
1101 4129 1246 4196 didicisse
1271 4131 1444 4201 Platonem

345 4235 541 4315 erederes,si
565 4236 633 4302 haee
658 4235 840 4322 scripsisset.
884 4236 973 4324 Lego
998 4259 1058 4324 pro
1079 4237 1195 4321 πάντα,
1219 4244 1354 4330 πρῶτος,
1378 4267 1443 4331 pro

345 4346 425 4422 θεοῦ,
451 4346 530 4423 θεὸν,
552 4371 611 4434 pro
635 4345 836 4436 ἡμερώτερον,
855 4346 1082 4438 μετριώτερονς
1112 4359 1182 4416 tum
1205 4353 1340 4420 ridicula
1362 4378 1441 4444 sup·

344 4458 504 4546 plementa
525 4461 677 4548 χειμῶνος
696 4458 765 4542 etat
784 4457 828 4543 μὴ
851 4460 987 4527 alterum
1011 4463 1051 4527 ab
1076 4462 1175 4529 altero
1198 4474 1310 4530 natum
1333 4467 1441 4554 ejicio.

343 4571 508 4638 Postremo
521 4594 579 4657 pro
597 4570 618 4654 ἢ
637 4573 706 4643 πῶς
724 4572 924 4639 scribendum
943 4572 987 4638 σὺ
1000 4572 1035 4639 δὲ
1052 4577 1142 4651 πῶςς
1168 4576 1255 4643 Dum
1269 4578 1346 4645 folia
1364 4603 1443 4666 per·

345 4704 437 4749 eurro
455 4680 560 4749 ineido
579 4680 614 4749 in
633 4706 664 4770 p.
681 4683 744 4749 705
759 4682 815 4749 ubi
829 4683 931 4750 sariba
945 4687 1030 4772 quod
1043 4686 1078 4752 in
1093 4688 1199 4755 codiee
1215 4689 1340 4757 invenit
1359 4692 1446 4779 πρὸς
