3850 5700
395 760 439 826 30
869 758 1076 814 ΠΛΑΤΩΝΟΣ

396 904 461 972 ἔδει
487 896 697 994 ἐγκωμιάζειν
724 896 842 973 ὁτιοῦν.
896 898 958 994 ἐγώ
985 900 1133 997 μὲνγὰρ
1160 898 1214 973 ὑπ’
1240 898 1434 997 α’βελτερίας
1461 899 1557 1001 ᾤμην

395 1035 459 1100 δεῖν
474 1025 605 1119 τάληθή
624 1033 725 1122 λέγειν
743 1030 815 1124 περὶ
831 1026 974 1100 ἐκάστου
989 1032 1050 1101 τοῦ
1069 1032 1360 1124 ἐγκωμιαζομένου,
1377 1031 1556 1101 καὶτοῦτο

397 1158 452 1249 μὲν
474 1152 647 1251 ὑπάρχειν,
673 1156 707 1243 ἐξ
727 1153 837 1228 σίῦτῦν
855 1157 893 1227 δέ
913 1153 1038 1229 τοῦτων
1061 1156 1107 1228 τά
1129 1156 1298 1229 κάλλιστα
1323 1161 1559 1251 ἐκλεγομένους

397 1280 440 1368 ῦς
460 1279 712 1379 εῦπρεπέστατα
732 1288 860 1355 τιθέναι.
915 1285 974 1355 καὶ
996 1282 1084 1357 πάνυ
1107 1282 1150 1377 δη
1175 1291 1261 1378 μέγα
1279 1282 1432 1381 ἐφρόνουν
1452 1282 1500 1370 ὦς
1520 1276 1555 1358 εῦ

398 1416 493 1508 ἐρῶν,
520 1408 563 1496 ὡς
581 1408 671 1496 εῖδῦς
689 1409 750 1504 τίγν
770 1409 923 1502 ἀλήθειαν
954 1405 1027 1512 [τοῦ
1047 1416 1186 1483 ἐπαινεῖν
1203 1410 1331 1509 ὁτιοῦν].
1370 1410 1409 1484 τό
1426 1408 1455 1484 δ’
1476 1411 1557 1507 άρα,

398 1537 440 1625 ως
458 1543 576 1625 ἔοικεν,
605 1534 641 1611 οῦ
661 1535 749 1611 τοῦτ’
771 1530 810 1631 ἦν
831 1537 868 1610 τὸ
890 1545 1002 1624 καλῶς
1021 1544 1161 1612 ἐπαινεῖν
1183 1536 1308 1627 ὁτιοῦν,
1337 1537 1429 1612 άλλά
1449 1539 1491 1613 τὸ
1515 1537 1580 1627 ὦςι

399 1674 540 1761 μέγιστα
563 1665 748 1739 άνατιθέναι
769 1674 815 1765 τῷ
840 1666 1011 1762 πράγματι
1040 1670 1100 1740 καὶ
1124 1665 1167 1753 ὡς
1191 1665 1375 1756 κάλλιστα,
1404 1666 1463 1740 ἐάν
1484 1666 1512 1741 τ’
1533 1660 1558 1763 ᾖ
1630 1656 1631 1659 ¹

399 1794 501 1879 οῦτως
519 1800 653 1888 έχοντα,
681 1791 737 1866 ε’άν
756 1822 792 1866 τε
808 1793 865 1887 μή.
913 1799 940 1867 εί
956 1797 993 1867 δὲ
1010 1798 1137 1893 ψευδῆ,
1164 1791 1256 1869 οῦδὲν
1271 1793 1322 1892 ἄρ’
1340 1788 1380 1888 ἧν
1398 1802 1558 1892 πρᾶγμα,

400 1920 581 2020 προῦρριίγθη
606 1921 686 2019 γάρ,
721 1920 764 2006 ὡς
790 1927 907 2007 ἔοικεν,
942 1922 1029 2008 ὅπως
1055 1928 1196 2009 ἕκαστος
1221 1920 1311 2017 ἡμῶν
1337 1922 1394 1996 τὸν
1414 1922 1561 2020 Ἔρωτα

400 2048 610 2144 ἐγκωμιάζειν
638 2048 740 2138 δόξει,
775 2047 834 2145 οῦχ
858 2049 945 2135 ὅπως
970 2049 1222 2144 ἐγκωμιάσεται
1275 2049 1333 2124 διά
1357 2055 1478 2125 ταῦτα
1505 2050 1561 2145 δή,

401 2178 509 2272 οίμαι,
537 2176 649 2251 πάντα
672 2176 765 2272 λόγον
788 2184 951 2263 κινοῦντες
973 2176 1143 2251 ἀνατίθετε
1161 2186 1207 2279 τῷ
1217 2178 1361 2275 Ἔρωτι,
1389 2184 1453 2252 καί
1471 2208 1562 2276 φατε

344 2304 502 2410 1θθαῦτὸν
520 2305 661 2380 τοιοῦτόν
679 2303 705 2376 τ’
727 2304 808 2377 εἶναι
827 2309 886 2377 καὶ
903 2302 1065 2379 τοσούτων
1084 2310 1198 2393 αίτιον,
1225 2307 1312 2393 ὅπως
1329 2304 1372 2379 άν
1391 2311 1587 2403 φαίνηταιν

401 2433 443 2522 ῦς
461 2434 639 2520 κάλλιστος
657 2438 715 2506 καί
733 2432 883 2529 άριστος,
909 2440 1007 2525 δῆλον
1023 2431 1074 2507 ότι
1090 2444 1158 2519 τοῖς
1175 2433 1220 2529 μή
1238 2432 1495 2529 γιγνώσκουσιν·
1523 2435 1564 2510 οῦ

400 2562 464 2661 γάρ
483 2563 523 2636 άν
544 2590 605 2635 που
630 2571 697 2647 τοῖς
722 2558 751 2654 γ’
772 2559 880 2633 εἰδόσι.
934 2565 994 2633 καὶ
1019 2567 1131 2648 καλῶς
1156 2560 1185 2655 γ’
1213 2565 1360 2656 ἔχεικαὶ
1386 2572 1519 2657 σεμνῶς
1545 2563 1563 2637 ὁ
1601 2559 1604 2564 ’

402 2697 540 2776 ἔπαινος.
594 2687 684 2761 άλλά
701 2687 765 2784 γάρ
783 2688 845 2782 ἐγω
864 2687 924 2761 οῦκ
940 2689 1007 2783 ἤδη
1024 2685 1095 2786 οίρα
1113 2688 1168 2763 τόν
1188 2688 1304 2786 τρόπον
1328 2697 1387 2764 τοῦ
1408 2697 1562 2781 ἐπαίνου,

401 2817 465 2894 οῦδ
486 2815 577 2904 είδως
596 2815 670 2912 ῦμῖν
687 2815 886 2912 ὡμολόγησα
898 2819 964 2891 καὶ
981 2815 1083 2904 αῦτός
1100 2822 1131 2891 ἐν
1150 2825 1196 2917 τῷ
1215 2825 1301 2915 μέρει
1318 2824 1562 2895 ἐπαινέσεσθαι

401 2947 422 3042 η
441 2955 576 3043 γλῶττα
595 2939 649 3021 οῦν
668 2944 845 3041 ῦπέοχετο,
872 2943 895 3039 ἡ
914 2950 950 3019 δὲ
967 2945 1051 3042 φρην
1070 2944 1118 3019 οῦ.
1171 2953 1309 3044 χαιρέτω
1327 2946 1381 3039 δή.
1431 2947 1473 3022 οῦ
1494 2949 1563 3047 γάρ

401 3082 450 3150 ἐτι
474 3073 664 3177 ἐγκωμιάζω
689 3081 803 3147 τοῦτον
831 3072 885 3147 τὸν
912 3071 1046 3170 τρόπον·
1082 3071 1120 3146 οῦ
1144 3072 1209 3170 γάρ
1233 3073 1273 3147 άν
1301 3078 1486 3170 δυναίμην·
1522 3077 1561 3152 ου’

402 3213 510 3298 μέντοι
526 3202 615 3276 άλλά
632 3200 678 3275 τά
695 3200 723 3297 γ’
745 3200 870 3294 άληθῆ,
898 3205 925 3274 εί
940 3199 1105 3295 βούλεσθε,
1133 3207 1227 3274 ἐθέλω
1244 3206 1341 3275 εἰπεῖν
1356 3201 1433 3277 κατ’
1455 3210 1563 3300 ἐμαυ-

402 3331 476 3420 τόν,
510 3329 546 3404 οῦ
573 3329 652 3426 πρὸς
676 3328 753 3416 τοῦς
776 3327 949 3425 ὑμετέρους
974 3327 1109 3424 λόγους,
1145 3333 1199 3402 ῖνα
1224 3328 1269 3424 μὴ
1295 3336 1427 3425 γελωτα
1455 3332 1587 3430 ἔφλων

401 3460 464 3558 ὅρα
482 3453 548 3548 οῦν,
575 3451 599 3530 ὦ
617 3464 754 3555 Φαῖδρε,
781 3461 809 3530 εί
823 3480 858 3531 ’τι
875 3461 934 3530 καὶ
953 3455 1098 3531 τοιοῦτον
1114 3456 1212 3552 λόγου
1229 3464 1294 3531 δέει
1310 3462 1382 3555 περὶ
1394 3457 1562 3557 Ἔρωτος,

402 3585 532 3681 τάληθή
548 3584 707 3681 λεγόμενα
723 3583 866 3674 άκοῦειν,
893 3583 1029 3680 όνόμασι
1046 3589 1158 3658 δὲκαὶ
1175 3592 1257 3659 θέσει
1274 3584 1428 3682 ῥημάτων
1446 3588 1563 3664 τοιαῦ-

403 3747 464 3814 τη,
492 3714 589 3789 ὁποία
612 3712 639 3785 δ’
658 3713 699 3786 ἄν
721 3741 770 3800 τις
795 3712 883 3808 τῦχη
906 3718 1095 3786 ἐπελθοῦσα.
1149 3713 1213 3786 Τὸν
1241 3707 1295 3787 οῦν
1318 3719 1466 3812 Φαῶρον
1496 3722 1562 3814 ἔφη

403 3849 463 3918 καὶ
478 3843 554 3929 τοῦς
572 3842 693 3927 ἄλλους
715 3840 854 3915 κελεῦειν
872 3847 993 3935 λέγειν,
1022 3842 1088 3935 ὅπη
1112 3838 1216 3928 αῦτές
1238 3845 1335 3915 οίοιτο
1356 3849 1421 3915 δεῖν
1448 3848 1563 3935 εἰπεῖν,

403 3971 523 4066 ταύτῃ.
568 3970 649 4042 Ἔτι
671 3974 794 4051 τοίνυν,
823 3968 945 4066 φάναι,
973 3960 1160 4066 ὦΦαιδρε,
1188 3968 1290 4066 πάρες
1313 3997 1366 4064 μοι
1381 3967 1565 4065 Ἀγάθωνα

404 4096 510 4198 σμίκρ’
539 4097 611 4172 ἄττ’
639 4103 781 4194 ἐρέσθαι,
809 4095 844 4169 ίν’
867 4094 1193 4191 άνομολογησάμενος
1220 4096 1294 4195 παρ’
1321 4095 1425 4170 αῦτοῦ
1457 4101 1565 4189 οὕτως

403 4229 470 4324 ἤδη
495 4234 589 4322 λέγω.
641 4224 747 4298 Ἀλλά
766 4227 923 4322 παρίημι,
952 4222 1057 4321 φάναι
1082 4224 1137 4298 τόν
1155 4230 1318 4322 Φαῖδρον·
1345 4222 1416 4299 ἀλλ’
1440 4227 1586 4326 ἐρώται

405 4355 500 4431 Μετὰ
525 4362 640 4428 ταῦτα
664 4352 706 4446 δὴ
734 4352 787 4425 τὸν
803 4351 970 4450 Σωκράτη
998 4358 1062 4448 ἐφη
1090 4357 1208 4425 ἐνθένδε
1235 4357 1326 4427 ποθὲν
1353 4352 1537 4451 ἄρξασθαι.

481 4487 571 4556 XXI.
613 4485 681 4555 Καὶ
700 4479 775 4575 μην,
802 4475 826 4554 ὦ
845 4484 918 4577 φίλε
933 4478 1093 4575 Ἀγάθων,
1120 4487 1231 4567 καλῶς
1246 4509 1301 4576 μοι
1319 4483 1439 4570 ἔδοξας
1457 4491 1566 4580 καθη-

405 4613 572 4707 γήσασθαι
596 4618 654 4684 τοῦ
679 4607 795 4702 λόγου,
820 4614 941 4702 λέγων,
966 4608 1018 4682 ότι
1040 4615 1165 4705 πρῶτον
1191 4612 1246 4703 μὲν
1268 4616 1334 4681 δέοι
1360 4607 1466 4684 αῦτὸν
1496 4619 1566 4688 ἐπι-

405 4743 528 4832 δεῖξαι,
556 4737 662 4824 ὁποῖός
686 4742 736 4823 τίς
757 4743 843 4810 ἐστιν
869 4735 1030 4832 όἜρως,
1057 4736 1189 4833 ὕστερον
1213 4740 1250 4809 δέ
1267 4735 1313 4809 τά
1331 4741 1413 4834 ἔργα
1439 4738 1565 4816 αῦτοῦ.

405 4868 532 4964 ταύτην
561 4866 619 4960 την
647 4864 748 4963 ἀρχὴν
776 4863 863 4939 πάνυ
890 4862 1033 4960 άγαμαι.
1085 4869 1128 4938 ίθι
1150 4857 1204 4938 οῦν
1229 4894 1283 4961 μοι
1308 4867 1381 4962 περὶ
1395 4864 1566 4966 Ἔρωτος,
