3850 5700
402 754 444 825 σε
876 753 1084 812 ωιιτοιιοο

402 903 536 992 μσνίζειν
561 906 625 971 τῶν
653 895 804 992 ἀγαθῶν,
832 890 909 971 ύνὸ
935 897 1004 984 θεὸς
1028 896 1142 984 αύτοῐς
1161 903 1281 984 αἴτιος·
1314 896 1427 986 ὁποῖος
1449 906 1490 973 δέ
1514 927 1566 986 τις

343 1044 393 1090 1⁹5
403 1025 507 1113 αύτὸς
524 1025 566 1098 ι’ίν
587 1023 683 1099 ταῦτ’
703 1024 910 1123 ἐδωρήσατο,
933 1023 1038 1112 ούδεὶς
1060 1029 1195 1123 εἴρηκεν.
1248 1025 1294 1112 είς
1310 1028 1348 1100 δὲ
1368 1025 1491 1123 τρίπος
1513 1026 1586 1124 ep.-

403 1153 453 1240 θὸς
482 1158 615 1227 ἐπαίνου
645 1158 716 1251 περὶ
746 1153 894 1243 παντίς,Ι
919 1152 1006 1255 λύγῳ
1033 1159 1163 1226 διελθεῖν
1189 1152 1253 1239 οίος
1280 1152 1383 1240 αύτύς
1409 1154 1452 1228 ύν
1483 1183 1564 1250 τνγ·

402 1281 494 1377 χοίνει
515 1285 588 1379 περὶ
609 1274 645 1355 ού
664 1280 705 1354 οἲν
727 1280 742 1354 ὁ
766 1280 861 1375 λύγος
880 1271 936 1377 ᾗ)
959 1278 1053 1371 ὀύτω
1072 1279 1114 1374 δη
1140 1268 1195 1354 τὸν
1212 1281 1353 1376 Ἔρωτα
1379 1284 1439 1355 καὶ
1467 1281 1564 1377 ἡμᾶς

375 1496 378 1503 .
402 1414 528 1482 δίκαιον
547 1414 718 1482 ἐπαινέσαι
741 1417 865 1507 πρῶτον
886 1408 988 1483 αύτύν
1007 1406 1071 1495 οἱύς
1087 1399 1202 1498 ἐστιν)
1219 1415 1335 1483 ἔπειτα
1353 1409 1417 1497 τὰς
1442 1409 1562 1497 δόσεις.

404 1541 498 1631 Φημὶ
517 1530 571 1611 ούν
588 1536 651 1632 έγύ
669 1536 799 1610 πάντων
817 1542 892 1610 θεων
910 1535 1105 1632 εύδαιμύνων
1124 1537 1221 1611 ὄντων
1242 1536 1399 1635 Ἔρωτα,
1427 1543 1457 1612 εί
1475 1544 1564 1633 θέμις

403 1670 464 1739 καὶ
488 1664 687 1758 ἀνεμέσητον
714 1670 829 1755 εἰπεῖν,
861 1664 1153 1759 εὐδαιμονέστατον
1179 1664 1262 1739 εἶναι
1288 1664 1417 1755 αύτύν,
1444 1665 1564 1740 κάλλι-

404 1821 479 1867 στον
497 1791 581 1867 ὄντα
598 1795 660 1865 καὶ
675 1792 817 1890 σ’ίριστον.
858 1799 929 1867 ἔστι
945 1797 982 1866 δὲ
998 1792 1177 1880 κοίλλιστος
1195 1792 1237 1866 ίίν
1254 1792 1390 1867 τοιόσδε.
1430 1802 1563 1891 πρῶτον

404 1926 460 2015 μὲν
484 1919 646 2007 νεώτατος
672 1925 765 2012 θεῶν,
793 1916 976 2017 ὦΦαιδρε.
1030 1928 1116 2015 μέγα
1139 1924 1176 1994 δὲ
1197 1919 1369 2017 τεκμήριον
1395 1926 1444 2022 τῳ
1474 1921 1563 2023 λόγῳ

405 2047 507 2135 αύτὸς
525 2056 703 2146 παρέχεται
726 2048 852 2145 φεύγων
873 2056 965 2145 φυγῇ
982 2048 1020 2122 τὸ
1040 2056 1164 2144 γῆρας,
1192 2047 1277 2143 ταχύ
1300 2049 1336 2122 ίν
1363 2056 1465 2143 δῆλον
1494 2050 1588 2124 ὅταν

404 2183 520 2250 θᾶττον
537 2184 616 2271 γοῦν
630 2182 689 2250 τού
705 2184 832 2263 δέοντος
847 2175 925 2271 ἡμῖν
943 2183 1162 2274 προσέρχεται.
1197 2175 1214 2251 ὃ
1229 2176 1272 2272 δη
1289 2184 1433 2274 πέφυκεν
1446 2177 1565 2276 Ἔρως

405 2314 507 2400 μισεῖν
532 2308 592 2377 καὶ
620 2302 687 2379 ούδ’
714 2304 801 2391 ἐντὸς
828 2310 950 2378 πολλοῦ
975 2304 1175 2397 πλησιάζειν.
1230 2304 1316 2399 μετὰ
1341 2309 1378 2379 δὲ
1402 2313 1482 2379 νέων
1510 2304 1566 2379 ἀεὶ

405 2430 566 2521 ξύνεστιν·
602 2438 673 2505 έστι
698 2432 763 2530 γάρ
784 2429 926 2526 παλαιὸς
950 2432 1044 2527 λύγος
1069 2426 1104 2505 εύ
1128 2438 1224 2527 έχων,
1252 2431 1295 2519 ὡς
1321 2433 1428 2528 ὅμοιον
1459 2432 1564 2535 ὁμοίῳ

404 2560 457 2633 οίεὶ
478 2560 616 2648 πελάζει.
665 2560 728 2655 έγύ
749 2564 786 2634 δὲ
805 2565 941 2661 Φαίδρῳ
964 2559 1057 2634 ἄλλα
1075 2559 1182 2633 πολλοὶ
1201 2560 1362 2654 ὁμολογῶν
1388 2560 1480 2633 τοῦτ’
1505 2559 1566 2657 ούχ

405 2686 571 2782 ὁμολογοῖ,
605 2686 649 2775 ὡς
674 2686 785 2784 Ἔρως
806 2687 927 2784 Κρύνον
955 2691 1015 2760 καὶ
1041 2686 1192 2762 Ἰαπετού
1225 2685 1432 2784 σίρχαιύτερύς
1460 2694 1565 2777 ἐστιν,

404 2813 494 2889 σίλλοί
512 2843 598 2912 φημι
617 2815 777 2889 νεώτατον
798 2814 899 2890 αύτὸν
917 2815 1000 2890 εἶναι
1020 2823 1095 2890 θεῶν
1114 2818 1173 2888 καὶ
1191 2814 1245 2889 οίεὶ
1260 2821 1344 2904 νέον,
1372 2815 1418 2890 τὰ
1438 2821 1479 2891 δὲ
1498 2845 1589 2892 παι

403 2943 485 3017 λαιοὶ
502 2944 688 3042 πράγματα
708 2949 780 3042 περὶ
796 2944 902 3030 θεούς,
930 2943 1124 3031 οἳἩσίοδος
1143 2948 1203 3017 καὶ
1218 2948 1428 3040 Παρμενιδης
1446 2951 1566 3041 λέγου-

403 3101 472 3162 σιν,
496 3071 647 3168 Ἀνάγκη
664 3077 724 3146 καὶ
742 3072 802 3146 ούκ
817 3073 943 3169 Ἔρωτι
959 3080 1142 3168 γεγονέναι,
1170 3077 1198 3144 εί
1215 3077 1327 3144 έκεῖνοι
1349 3068 1462 3168 οἱληθῆ
1493 3079 1566 3147 ἔλε-

402 3225 475 3295 γον·
510 3199 547 3273 ού
570 3200 635 3296 γὰρ
663 3200 703 3273 σίν
730 3204 870 3295 ε’κτομαὶ
894 3199 969 3273 ούδὲ
991 3204 1103 3294 δεσμοὶ
1129 3199 1282 3293 αλλήλων
1309 3204 1474 3294 ἐγίγνοντο
1503 3207 1567 3275 καὶ

403 3326 496 3402 α’ίλλα
514 3326 620 3400 πολλοὶ
637 3331 696 3400 καὶ
712 3332 815 3421 βίαια,
842 3327 991 3424 είἜρως
1009 3333 1040 3400 έν
1059 3325 1175 3415 αύτοίς
1194 3323 1247 3420 ἦν,
1274 3326 1366 3401 οίλλοὶ
1384 3332 1485 3426 ῳιλία
1503 3336 1568 3404 καὶ

404 3454 533 3552 εἰρήνη,
560 3455 666 3552 ὥσπερ
690 3463 764 3545 νύν,
799 3458 832 3542 ἐξ
862 3449 899 3528 ού
920 3454 1030 3552 Ἔρως
1058 3463 1120 3528 τῶν
1148 3462 1222 3528 θεῶν
1248 3454 1420 3551 βασιλεύει.
1477 3465 1567 3547 Νέος

404 3587 460 3678 μὲν
482 3577 536 3657 ούν
551 3588 640 3673 ἐστι,
666 3582 745 3680 πρὸς
761 3586 798 3656 δὲ
816 3591 862 3682 τῷ
879 3591 937 3684 νέῳ
954 3582 1094 3670 ἁπαλύς.
1116 3607 1118 3611 ‘
1137 3590 1273 3678 ποιητού
1293 3581 1318 3656 δ’
1340 3589 1427 3657 ἔστιν
1449 3587 1590 3682 ένδεήςρ

404 3711 469 3799 οἷος
484 3707 523 3806 ἧν
535 3711 702 3808 Ὅμηρος,
729 3710 808 3809 πρὸς
829 3711 866 3784 τὸ
885 3713 1042 3800 ἐπιδείξαι
1061 3719 1132 3786 θεού
1149 3711 1360 3805 ἁπαλότητα.
1406 3713 1566 3813 Ὅμηρος

312 3830 316 3838 ’
403 3839 467 3936 γὰρ
484 3839 592 3932 ’Ἄτην
613 3838 681 3937 θείν
706 3846 742 3912 τέ
766 3867 864 3936 φησιν
888 3838 970 3912 εἶναι
992 3843 1052 3917 καὶ
1070 3838 1221 3933 ἁπαλήν·
1248 3839 1324 3926 τούς
1344 3847 1422 3934 γοῦν
1452 3841 1565 3932 πύδας

404 3965 512 4061 αύτίγς
538 3966 690 4054 ἁπαλούς
715 3965 813 4058 εἶναι,
840 3974 940 4063 λέγων

590 4127 640 4194 τῆς
657 4121 727 4192 μένδί
745 4123 837 4179 οἱπαλολ
854 4124 948 4186 πόδες·
974 4122 1003 4180 ού
1021 4124 1070 4194 γὰρ
1088 4122 1127 4180 ἐπ’
1145 4121 1234 4186 οὔδεος

589 4219 716 4281 πίλναται,
745 4215 797 4272 ἀλλ’
816 4213 867 4286 ἄρα
884 4214 904 4284 ἤ
921 4237 951 4286 γε
970 4216 1025 4272 κατ’
1044 4216 1142 4286 ἀνδρῶν
1160 4217 1260 4286 κράατα
1278 4220 1364 4290 βαίνει

403 4355 495 4448 καλῷ
520 4345 574 4422 σύν
593 4357 683 4422 δοκεῖ
702 4379 755 4445 μοι
774 4354 938 4450 τεκμηρίῳ
958 4349 1019 4444 τὴν
1039 4349 1242 4443 ἁπαλύτητα
1264 4348 1482 4449 ἀποφαίνειν,
1509 4355 1562 4428 ὅτι

403 4475 464 4550 ούκ
482 4480 536 4549 ἐπὶ
550 4483 693 4575 σκληρού
715 4482 834 4571 βαίνει,
861 4476 933 4550 ἀλλ’
952 4482 1007 4551 ἐπὶ
1023 4485 1205 4571 μαλθακοῦ.
1258 4486 1304 4578 τῳ
1322 4477 1415 4578 αύτῷ
1434 4481 1481 4575 δὴ
1500 4487 1562 4556 καὶ

401 4604 496 4699 ημείς
512 4605 704 4702 χρησαίμεθα
722 4610 884 4706 τεκμηρίῳ
904 4609 978 4703 περὶ
992 4606 1148 4704 Ἔρωτα,
1173 4607 1224 4679 ’ὁτι
1242 4605 1379 4693 ἁπαλός.
1434 4607 1476 4682 ού
1494 4610 1583 4708 γὰρ.

402 4736 455 4806 ἐπὶ
473 4738 537 4827 γῆς
556 4737 657 4826 βαίνει
674 4731 742 4806 ούδ’
761 4737 814 4806 έπὶ
829 4739 979 4830 κρανίων,
1000 4735 1024 4807 ἅ
1042 4739 1126 4807 ἐστιν
1143 4733 1181 4807 ού
1198 4734 1285 4807 πάνυ
1304 4735 1460 4828 μαλακά,
1481 4736 1558 4812 ἀλλ’

402 4867 433 4934 ἐν
449 4870 518 4953 τοῖς
536 4860 793 4955 μαλακωτάτοις
813 4870 876 4935 τῶν
900 4862 998 4935 ὄντων
1012 4867 1077 4936 καὶ
1098 4867 1198 4957 βαίνει
1216 4866 1277 4936 καὶ
1294 4867 1384 4936 οίκεί.
1438 4868 1473 4939 έν
1492 4866 1561 4963 γὰρ
