3850 5700
404 769 446 837 48
877 770 1084 826 τωιτυνοκ

404 938 480 1005 γειν.
533 907 607 983 Ούκ
625 908 667 983 οἳν
692 908 861 1006 φθάνοιμι,
889 916 988 985 εἰπεῖν
1011 912 1066 986 τόν
1085 911 1312 1008 Ἀλκιβιάδην.
1364 917 1425 988 καὶ
1453 921 1568 1009 μέντοι

405 1035 526 1112 ούτωσὶ
549 1042 693 1132 ποίησον.
747 1039 860 1113 ἐόντι
886 1038 934 1135 μή
960 1039 1079 1135 άληθὲς
1106 1047 1207 1137 λέγω,
1244 1041 1370 1136 μεταξύ
1390 1047 1565 1146 ἐπιλαβοῦ,

405 1164 446 1238 άν
466 1164 580 1262 βούλη,
607 1169 667 1240 καὶ
684 1171 763 1258 εἰπέ,
789 1167 841 1241 ότι
859 1175 957 1242 τούτο
974 1166 1154 1266 ψεύδομαι·
1182 1168 1262 1242 ἑκύν
1279 1168 1345 1266 γάρ
1366 1169 1450 1243 εἶναι
1466 1167 1565 1244 ούδὲν

345 1312 394 1359 21⁵
404 1292 580 1392 ψεύσομαι.
632 1293 689 1367 ῖοὶν
714 1301 822 1388 μέντοι
846 1294 1172 1392 άναμιμνησκόμενος
1195 1294 1280 1370 άλλο
1304 1296 1437 1372 ἄλλοθεν
1463 1303 1589 1393 λέγων

405 1425 505 1516 μηδὲν
521 1420 715 1518 θαυμάσῃς·
742 1420 779 1496 ού
796 1421 861 1521 γάρ
876 1451 926 1497 τοι
942 1421 1052 1523 ῥᾴδιον
1068 1422 1129 1518 τήν
1145 1422 1206 1518 σήν
1223 1422 1366 1499 ἀτοπίαν
1383 1417 1438 1500 οἷδ’
1455 1430 1566 1521 ἔχοντι

406 1548 553 1647 εύπόρως
578 1553 638 1625 καὶ
664 1552 783 1648 ἐφεξῆς
807 1556 1066 1648 καταριθμῆσαι.

482 1682 619 1752 ΧΧΧΗ.
673 1676 841 1776 Σωκράτη
858 1676 885 1751 δ’
903 1677 967 1773 ἐγω
984 1684 1143 1771 ἐπαινεῖν,
1170 1672 1196 1752 ὦ
1214 1679 1344 1778 άνδρες,
1372 1680 1476 1767 οὕτως
1494 1686 1565 1754 ἐπι-

403 1804 559 1904 χειρήσω,
585 1804 625 1879 δι’
649 1803 788 1880 εἰκόνων.
841 1798 938 1893 ούτος
957 1810 1013 1900 μὲν
1031 1800 1085 1880 ούν
1104 1810 1182 1894 ἴσως
1200 1805 1350 1903 οἰήσεται
1369 1810 1424 1883 ἐπὶ
1443 1806 1492 1882 τοὶ
1510 1835 1565 1904 γε

404 1933 569 2032 λοιότερα,
596 1939 693 2009 ἔσται
707 1932 734 2007 δ’
755 1932 887 2029 ήεῖκύν
903 1938 963 2009 τού
981 1932 1125 2027 άληθούς
1142 1939 1258 2027 ἕνεκα,
1284 1933 1323 2010 ου’
1344 1944 1403 2010 τού
1420 1940 1563 2033 γελοίου.

404 2066 490 2161 φημὶ
505 2062 570 2160 γάρ
586 2062 628 2157 δή
645 2060 836 2158 ὁμοιότατον
855 2059 958 2135 αύτόν
977 2060 1058 2136 είναι
1075 2071 1144 2149 τοῖς
1158 2069 1327 2156 Σειληνοῖς
1343 2062 1474 2151 τούτοις
1493 2073 1564 2152 τοῖς
1592 2102 1596 2107 ·

404 2197 524 2277 ἐντοῖς
551 2194 803 2288 ἑρμογλυφείοιςΙ
816 2196 1028 2284 καθημένοις,
1054 2190 1208 2277 ούστινας
1227 2188 1420 2289 ἐργάζονται
1445 2196 1476 2266 οἱ
1503 2200 1589 2286 δην

405 2320 549 2416 μιουργοὶ
563 2316 723 2416 σύριγγας
739 2316 762 2412 ή
782 2315 905 2416 αύλούς
922 2324 1070 2413 ἔχοντας·
1098 2324 1130 2392 οθ
1145 2316 1259 2413 διχάδε
1276 2324 1463 2415 διοιχθέντες
1483 2325 1564 2417 φαί·

404 2475 514 2521 νονται
532 2451 652 2520 ἔνδοθεν
670 2425 859 2542 ἀγάλματα
881 2452 1006 2540 ἔχοντες
1027 2452 1111 2522 θεῶν.
1165 2452 1226 2520 καί
1249 2474 1334 2544 φημι
1354 2440 1399 2522 αύ
1419 2452 1564 2522 ἐοικέναι

405 2574 504 2650 αύτὸν
519 2582 565 2673 τῷ
585 2573 744 2676 Σατύρῳ,
772 2579 819 2675 τῷ
840 2574 993 2673 Μαρσύᾳ.
1030 2574 1081 2648 ότι
1098 2579 1154 2670 μὲν
1173 2568 1227 2649 ούν
1245 2574 1284 2649 τό
1300 2573 1329 2669 γ’
1347 2573 1432 2679 εήδος
1446 2573 1565 2671 όμοιος

404 2702 432 2776 εί
451 2700 589 2792 τούτοις,
616 2696 641 2775 ὦ
661 2700 849 2799 Σύκρατες,
877 2699 943 2776 οὐδ’
963 2700 1064 2789 αὐτὸς
1081 2700 1190 2797 δήπου
1206 2701 1490 2798 ἀμφισβητήσεις·
1519 2702 1564 2792 ὦς

402 2834 440 2906 δὲ
463 2833 523 2905 καί
542 2824 636 2904 τᾶλλ’
656 2835 785 2921 ἔοικας,
813 2829 897 2925 μετά
921 2828 1010 2904 τοῦτ’
1035 2828 1147 2905 όκουε
1201 2828 1358 2928 ὑβριστής
1384 2828 1428 2922 εί,
1455 2829 1562 2926 ήούς

403 2960 461 3034 ἐὰν
481 2959 545 3057 γάρ
568 2958 613 3054 μή
633 2957 813 3054 ὁμολογῇς,
841 2957 1013 3057 μάρτυρας
1029 2961 1222 3057 παρέξομαι.
1276 2957 1349 3033 ἀλλ’
1371 2956 1563 3056 ούκξαύλη.
1635 2996 1638 3007 ·

404 3087 482 3187 τής;
519 3086 601 3161 πολύ
628 3114 667 3182 γε
694 3085 957 3184 θαυμασιώτερος
985 3091 1123 3195 ἐκείνου·
1159 3085 1175 3160 ό
1203 3093 1259 3182 μέν
1281 3114 1319 3182 γε
1343 3084 1382 3160 δι’
1411 3085 1585 3184 όργάνωνε

403 3214 514 3310 ἐκήλει
532 3214 609 3301 τούς
629 3212 814 3312 ἀνθρώπους
838 3221 883 3310 τῇ
903 3212 971 3287 άπὸ
990 3221 1049 3289 τού
1070 3211 1234 3309 στόματος
1251 3213 1403 3308 δυνάμει,
1429 3218 1493 3289 καὶ
1511 3221 1564 3289 ἔτι

404 3347 472 3418 νυνί
494 3342 530 3430 ὃς
547 3341 589 3415 άν
610 3341 762 3418 τάκείνου
783 3342 884 3447 αύλή.
937 3340 1046 3440 οἳγοὶρ
1062 3341 1236 3436 Ὄλυμπος
1258 3341 1369 3436 ηύλει,
1395 3341 1562 3441 Μαρσύου

403 3478 487 3567 λέγω
510 3478 570 3544 τού
593 3469 798 3559 διδάξαντος.
851 3469 898 3543 τά
914 3464 969 3543 ούν
994 3474 1115 3544 ἐκείνου
1134 3467 1191 3544 ἐάν
1209 3467 1237 3543 τ’
1263 3467 1387 3565 άγαθὸς
1404 3467 1563 3566 αύλητής

404 3596 494 3695 αύλή
511 3597 568 3672 ἐάν
587 3627 624 3672 τε
638 3598 751 3696 φαύλη
769 3596 946 3696 αὐλητρίς,
973 3596 1058 3692 μόνα
1074 3591 1269 3693 κατέχεσθαι
1285 3607 1370 3671 ποιεῖ
1385 3600 1445 3670 καὶ
1461 3603 1564 3692 δηλοῖ

403 3727 481 3814 τούς
497 3734 560 3801 τῶν
580 3733 654 3801 θεῶν
672 3754 711 3799 τε
727 3728 788 3801 καὶ
805 3729 942 3805 τελετῶν
967 3732 1136 3820 δεομένους
1150 3723 1206 3799 διά
1222 3724 1260 3799 τό
1279 3730 1349 3798 θεῖα
1368 3724 1460 3798 εἶναι
1516 3727 1562 3801 σύ

384 3849 430 3930 δ’
453 3858 581 3930 ἐκείνου.
599 3862 753 3929 τοσούτον
779 3852 872 3949 μόνον
898 3861 1076 3952 διαφέρεις,
1105 3853 1156 3928 ότι
1181 3852 1260 3926 άνευ
1280 3851 1421 3951 ὀργάνων
1449 3856 1562 3952 ψιλοῖς

403 3982 512 4080 λόγοις
536 3980 659 4058 ταύτόν
682 3989 779 4056 τοῦτο
805 3991 913 4069 ποιεῖς.
966 3981 1064 4076 ἡμεῖς
1087 3988 1166 4077 γούν
1185 3980 1266 4056 όταν
1290 3987 1346 4075 μέν
1366 4007 1426 4055 του
1450 3980 1561 4058 ἄλλον

404 4110 573 4207 ἀκούωμεν
599 4117 748 4205 λέγοντος
773 4113 834 4184 καὶ
857 4109 944 4183 πάνυ
968 4107 1094 4204 άγαθού
1120 4108 1254 4207 ῥήτορος
1280 4108 1403 4197 ἄλλους
1426 4109 1587 4207 λόγους,ω

404 4238 494 4315 ούδὲν
513 4245 612 4335 μέλει,
634 4237 677 4325 ὡς
694 4244 771 4325 ἔπος
787 4243 897 4330 εἰπεῖν,
921 4236 1041 4312 ούδενί·
1069 4236 1198 4311 ἐπειδὰν
1214 4241 1251 4311 δὲ
1267 4245 1327 4311 σού
1347 4237 1413 4336 [τις
1427 4236 1561 4339 α’κούη]

401 4368 504 4463 ήτων
526 4371 591 4440 σῶν
606 4364 709 4461 λόγων
728 4365 832 4440 ἄλλον
850 4371 1009 4461 λέγοντος,
1036 4365 1100 4440 κάν
1119 4364 1206 4439 πάνυ
1223 4359 1388 4462 φαύλοςή
1407 4363 1423 4439 ὁ
1441 4372 1560 4462 λέγων,

386 4496 461 4570 ·ἐάν
481 4523 518 4570 τε
534 4494 616 4588 γυνή
637 4492 746 4590 άκούη
763 4492 821 4568 ἐάν
836 4492 865 4566 τ’
887 4489 971 4592 άνήρ
992 4493 1102 4568 ἐάντε
1119 4491 1301 4590 μειράκιον,
1327 4488 1562 4593 ἐκπεπληγγώ

403 4652 450 4699 νοι
469 4626 564 4719 ἐσμὲν
581 4626 641 4705 καί
657 4620 869 4725 κατεχόμεθα.
911 4621 974 4718 ἐγω
990 4630 1082 4717 γοῦν,
1109 4615 1133 4694 ὦ
1154 4620 1286 4718 άνδμες,
1314 4621 1403 4715 εθ-μή
1421 4610 1560 4718 ἔμελλον

403 4759 524 4848 κομιδή
549 4748 651 4840 δόξειν
673 4748 813 4845 μεθύειν,
841 4749 928 4823 εἶπον
947 4747 1072 4845 όμόσας
1094 4748 1134 4823 άν
1157 4746 1249 4845 ύμῖν,
1276 4747 1333 4822 οἱα
1349 4748 1391 4844 δή
1410 4758 1562 4828 πέπονθα

404 4878 507 4968 αύτὸς
529 4876 593 4954 ὑπὸ
614 4885 677 4953 των
697 4876 816 4953 τούτου
835 4876 937 4974 λόγων
960 4881 1021 4955 καὶ
1039 4876 1157 4974 πάσχω
1178 4882 1230 4951 ἔτι
1255 4878 1315 4951 καὶ
1341 4882 1417 4952 νυνί
1474 4880 1560 4958 όταν
