3850 5700
736 811 768 872 ,χ
860 743 1092 798 mozon
1508 744 1550 811 41

397 914 474 973 νους
498 892 620 960 πονεῖν
637 882 850 978 οὑστινασοῦν
880 886 939 957 καὶ
968 880 1277 979 ύπεραποθνήσκειν·
1311 886 1381 957 ἐπεὶ
1411 887 1469 978 οἴει
1498 881 1551 974 ού,

399 1019 483 1112 ἔφη,
501 1013 687 1107 ’Ἄλκηστιν
708 1011 788 1110 ύπέρ
802 1009 970 1106 Ἀδμήτου
990 1009 1161 1085 ἀποθανεῖν
1182 1010 1241 1100 ἀν,
1267 1009 1290 1105 ή
1307 1010 1463 1107 Ἀχιλλέα
1480 1016 1552 1085 Πα-

397 1141 527 1242 τρόκλῳ
543 1145 767 1231 ἐπαποθανεῖν,
794 1139 818 1231 ή
837 1135 1069 1237 προαποθανεῖν
1089 1137 1145 1246 τόν
1163 1136 1316 1236 ύμέτερον
1332 1138 1454 1237 Κόδρον
1469 1136 1576 1236 ύπὲρᾱ

397 1277 462 1365 τής
479 1272 649 1364 βασιλείας
664 1276 727 1341 τῶν
745 1270 882 1358 παιδων,
909 1266 955 1362 μή
974 1243 1136 1361 οίομένύύς
1150 1264 1313 1340 ἀθάνατον
1331 1265 1461 1361 μνήμην
1478 1264 1552 1364 ἀρε

397 1405 462 1493 τής
482 1404 552 1495 πέρι
571 1400 698 1471 ἐαυτιῖν
719 1400 861 1518 ἐσεφθαι,
886 1393 927 1488 ήν
945 1402 1003 1469 νύν
1019 1392 1114 1489 ἡμεῖς
1132 1400 1261 1489 ἔχομενς
1289 1397 1419 1470 Πολλού
1437 1422 1476 1490 γε
1492 1401 1551 1485 δεῖ,

398 1531 484 1623 ἐφη,
510 1523 595 1675 {m
612 1522 730 1646 Ιοἶμαι,
756 1521 837 1621 ὑπὲρ
858 1520 980 1634 ἀρητής
1004 1520 1174 1596 ἀθανάτου
1195 1525 1255 1600 καὶ
1275 1521 1432 1616 τοιαύτης
1453 1520 1573 1615 δόξηςο

396 1636 574 1769 εύκλεουςῖ
571 1649 693 1740 πάντες
711 1650 824 1725 πάντα
842 1657 1000 1740 ποιούσιν,
1027 1648 1093 1751 ’όσφ
1112 1648 1153 1724 ἀν
1172 1646 1326 1745 ἀμείνους
1341 1643 1410 1741 ὦσι,
1438 1647 1552 1723 τοσού-

395 1810 445 1882 τῳ
464 1786 606 1876 μᾶλλον·
633 1788 691 1855 τού
708 1778 772 1876 γὰρ
791 1777 961 1853 ἀθανάτου
981 1780 1134 1875 ἐρῶσινβ
1155 1781 1196 1851 Οἱ
1221 1781 1277 1874 μὲν
1295 1772 1349 1852 ούν
1366 1775 1550 1874 ἐγκύμονες,

396 1915 476 2007 ἔφη,
498 1907 592 1982 κατὰ
611 1906 753 2002 στόματα
769 1906 860 1993 όντες
879 1904 959 2003 πρὸς
978 1904 1041 1993 τοὶς
1055 1914 1218 1999 γυναῖκας
1231 1911 1359 2000 μᾶλλον
1377 1912 1552 2003 τρέπονται

396 2040 461 2111 καὶ
478 2034 591 2132 ταύτῃ
611 2039 758 2133 ἐρωτικοί
768 2007 862 2126 εἰσι,
879 2032 937 2107 διά
960 2038 1173 2128 παιδογονίας
1194 2032 1379 2130 ἀθανασίαν
1396 2036 1455 2108 καὶ
1472 2032 1552 2128 μνή-

397 2192 464 2261 μην
484 2168 545 2238 καί
564 2162 791 2257 εὐδαιμονίαν,
818 2161 862 2249 ὦς
882 2166 1022 2253 οἴονται,
1050 2160 1167 2256 αὑτοῖς
1191 2166 1236 2247 είς
1261 2160 1318 2236 τόν
1345 2167 1461 2236 ἔπειτα
1480 2159 1552 2260 χρό-

329 2312 385 2361 νον
395 2321 453 2366 νον
469 2291 581 2367 πάντα
602 2290 814 2389 ποριζόμενοι·
842 2295 871 2365 οῖ
887 2294 923 2365 δὲ
940 2288 1033 2364 κατσὶ
1049 2288 1110 2385 τήν
1128 2288 1305 2388 ύωχήν-
1325 2293 1388 2363 είσὶ
1402 2292 1467 2388 γάρ
1482 2284 1550 2381 ούν,
1560 2323 1576 2356 ι

396 2427 483 2518 ἐφη,
510 2425 541 2493 οῖ
556 2425 587 2494 ἐν
606 2428 682 2506 ταῖς
700 2422 824 2519 ψυχαῖς
840 2426 973 2493 κυούσιν
992 2424 1040 2491 ἐτι
1059 2422 1184 2512 μᾶλλον
1204 2416 1227 2511 ή
1245 2423 1277 2491 ἐν
1298 2426 1366 2505 τοῖς
1392 2416 1550 2512 στόμασιν,

397 2548 536 2647 σῖψυχή
561 2545 719 2645 προσήκει
745 2550 806 2620 καὶ
830 2551 978 2620 κυεῖσθαι
999 2548 1060 2619 καί
1085 2553 1182 2619 κυεῖν.
1235 2550 1271 2619 τί
1295 2540 1350 2619 ούν
1376 2544 1551 2645 προσήκεις

397 2673 553 2774 φρόνησίν
572 2704 609 2749 τε
629 2677 690 2749 καὶ
707 2674 767 2769 τήν
787 2672 894 2769 ἀλλην
918 2671 1056 2780 ἀρετήν·
1084 2666 1126 2747 ὧν
1142 2672 1185 2769 δή
1208 2679 1270 2749 είσι
1289 2678 1350 2749 καὶ
1368 2678 1396 2750 οῖ
1416 2676 1553 2767 ποιηταὶ

396 2800 521 2892 πάντες
540 2801 726 2901 γεννήτορες
744 2806 804 2877 καὶ
822 2807 894 2882 των,
905 2806 1110 2901 δημιουργεῖν
1132 2801 1201 2877 όσοι
1223 2807 1375 2897 λέγονται
1396 2800 1553 2900 εύρετικοὶ

396 2930 491 3006 είναι
545 2931 626 3007 πολύ
646 2935 682 3005 δέ
701 2936 858 3027 μεγίστη,
885 2937 969 3028 ἐφη,
995 2934 1056 3004 καὶ
1070 2914 1235 3025 καλλίστη
1250 2935 1313 3025 τής
1331 2907 1552 3029 φρονήσεωςή

398 3063 472 3158 περὶ
486 3059 549 3147 τοὶς
563 3065 628 3133 τῶν
644 3058 766 3133 πόλεών
782 3089 819 3133 τε
834 3061 895 3132 καί
910 3056 1066 3152 οἰκήσεων
1083 3057 1328 3155 διακοσμήσεις,
1349 3051 1373 3154 ή
1388 3056 1430 3154 δή
1448 3042 1553 3152 όνομά

1120 3158 1270 3179 ...u-“⁸⁰'‘

395 3193 470 3262 ἐστι
494 3186 689 3285 σωφροσύνη
710 3189 834 3322 ’τεμκαί
855 3185 1058 3279 δικαιοσύνη.
1111 3184 1233 3260 τούτων
1262 3179 1306 3260 αύ
1332 3186 1414 3260 όταν
1437 3215 1489 3273 τις
1514 3191 1578 3260 ἐκο

670 3288 747 3339 τέὲίο
777 3292 787 3325 ί

396 3322 471 3389 νέου
491 3312 641 3411 ἐγκύμων
660 3344 683 3411 η
704 3343 765 3410 την
784 3314 897 3414 ’ψυχήν
917 3320 997 3402 θεῖος
1013 3313 1073 3406 όν,
1101 3317 1161 3388 καὶ
1176 3313 1324 3415 ἡκούσης
1338 3322 1402 3408 τῆς
1420 3312 1553 3409 ἡλικίας

395 3448 520 3517 τίκτειν
538 3472 575 3517 τε
590 3446 649 3517 καὶ
663 3450 778 3539 γεννᾶν
795 3442 864 3538 ήδη
883 3448 1035 3539 ἐπιθυμῇ,
1063 3451 1153 3536 ζητεῖ
1169 3420 1224 3538 δή,
1252 3442 1354 3538 οἶμαι,
1379 3447 1441 3518 καὶ
1458 3436 1553 3531 ούτος

396 3569 527 3668 περιιόν
546 3570 583 3644 τό
602 3569 705 3644 καλὸν
723 3576 755 3643 ἐν
774 3564 798 3671 ᾧ
815 3570 858 3665 δή
875 3569 1027 3667 γεννήση.
1066 3550 1098 3644 ἐν
1114 3579 1161 3672 τῷ
1177 3569 1243 3669 γοὶρ
1259 3575 1380 3671 αίσχρηῖ
1396 3570 1553 3646 ούδέποτε

395 3696 554 3794 γεννήσει.
606 3697 653 3771 τά
671 3696 700 3771 τ’
728 3692 782 3771 σύν
809 3697 953 3794 σώματα
975 3699 1026 3772 Ιτοὶ
1048 3699 1141 3773 καλά
1163 3704 1288 3795 μᾶλλον
1310 3697 1333 3793 ή
1359 3698 1405 3772 τά
1431 3698 1553 3799 αἰσχροὶ

397 3821 589 3913 ἀσπάζεται
607 3825 670 3900 σ’ίτε
688 3833 794 3917 κυῶν,
821 3825 886 3901 κάν
905 3825 1133 3937 ἐντύχηὴψυχή
1151 3833 1242 3923 καλή
1262 3830 1322 3901 καὶ
1338 3831 1474 3927 γενναία
1492 3829 1553 3901 καὶ
1588 3844 1592 3849 ’

397 3951 529 4050 εύφυεῖ,
556 3952 644 4028 πάνυ
661 3952 704 4048 δή
721 3953 912 4042 ἀσπσίζεται
926 3954 963 4029 τὸ
983 3953 1235 4053 ξυναμφότερον,
1261 3958 1321 4029 καί
1341 3955 1421 4053 πρὸς
1436 3964 1550 4030 τοῦτον

396 4081 454 4156 τὸν
479 4082 641 4180 ἄνθρωπον
663 4079 755 4169 εύθύς
777 4080 906 4180 εύπορεῖ
922 4081 1024 4179 λύγων
1049 4085 1121 4181 περὶ
1146 4081 1286 4181 ἀρετῆς,
1314 4086 1375 4157 καί
1400 4081 1463 4157 οἱον
1489 4082 1551 4180 χρή

398 4208 482 4284 εἶναι
498 4207 554 4284 τὸν
578 4209 685 4307 ἀνδρα
708 4209 762 4284 τὸν
789 4208 912 4306 ἀγαθόν
939 4209 1042 4285 καὶά
1064 4209 1264 4305 ἐπιτηδεύειν
1289 4210 1377 4310 [καὶ]
1405 4215 1574 4308 ἐπιχειρεῖν
1610 4298 1614 4306 ,

399 4336 572 4412 παιδεύειν.
613 4335 797 4432 ἁπτόμενος
812 4337 888 4436 γάρ,
910 4337 1011 4433 οἶμαι,
1031 4344 1091 4412 τού
1108 4343 1215 4412 καλού
1234 4341 1295 4412 καὶ
1311 4336 1430 4434 όμιλιῖν
1446 4338 1550 4438 αύτηῖ,
1637 4369 1642 4381 ·

399 4464 425 4539 ἀ
443 4463 550 4539 πάλαι
566 4463 672 4557 ἐκύει,
698 4469 803 4540 τίκτει
820 4470 881 4540 καὶ
899 4474 1009 4566 γεννηῖ,
1035 4469 1095 4540 καὶ
1112 4465 1222 4571 παρὼν
1240 4470 1305 4577 καὶΙ
1317 4464 1417 4559 ἀπιόν,
1430 4494 1552 4563 μεμνη-
1574 4540 1577 4546 .

400 4600 508 4690 μένος,
536 4597 596 4668 καὶ
619 4593 657 4668 τὸ
679 4597 826 4689 γεννηθὲν
852 4601 1060 4692 συνεκτρέφει
1081 4600 1178 4690 κοινή
1201 4564 1273 4689 Ιμετ’
1290 4574 1438 4685 ἐκείνου,
1466 4594 1551 4669 ὅστε

400 4722 483 4797 πολύ
499 4702 595 4818 &tio
609 4702 776 4796 κοινωνίαν
793 4730 854 4817 τής
868 4726 932 4796 τῶν
948 4727 1073 4798 παιδων
1091 4721 1170 4821 πρὸς
1184 4719 1352 4815 ἀλλήλους
1366 4727 1395 4796 οἱ
1411 4727 1551 4797 τοιοῦτοι

399 4853 526 4946 ἴσχουσι
550 4853 612 4924 καὶ
633 4854 744 4948 φιλίαν
764 4856 991 4950 βεβαιοτέραν,
1019 4851 1080 4924 ἅτε
1098 4849 1276 4926 καλλιόνων
1296 4854 1356 4924 καὶ
1379 4848 1551 4924 ἀθανατω-
