3850 5700
395 797 438 863 52
476 809 483 818 ·
870 795 1077 849 Πιεταασε

395 934 499 1011 ὀκνεῖν
521 941 704 1032 μνησθῆναι
721 935 802 1034 πρός
823 964 872 1031 με
925 935 988 1031 ἐγω
1005 935 1033 1009 δ’
1056 934 1178 1010 ούτωσὶ
1196 942 1275 1031 ἔχω·
1301 934 1389 1009 πάνυ
1410 917 1554 1027 άνόητον

396 1063 543 1160 ἡγοῦμαι
562 1063 645 1137 είναί
663 1092 714 1138 σοι
732 1063 778 1159 μὴ
796 1062 834 1137 ού
851 1068 911 1137 καὶ
931 1071 1028 1138 τοῦτο
1046 1068 1233 1161 χαρίζεσθαι
1253 1067 1314 1137 καὶ
1332 1067 1361 1137 εί
1376 1092 1411 1136 τι
1427 1060 1555 1154 άλλοή

396 1201 459 1287 τῆς
477 1190 592 1279 ούσίας
608 1200 670 1284 τῆς
685 1198 768 1287 ἐμῆς
785 1198 866 1265 δέοιο
883 1191 906 1286 ἦ
922 1199 987 1265 τῶν
1006 1195 1106 1288 φίλων
1123 1200 1187 1265 τῶν
1203 1197 1298 1286 ἐμῶν.
1325 1194 1396 1285 ἐμοὶ
1412 1193 1471 1284 μὲν
1487 1190 1585 1285 γὰρᾱ

399 1319 489 1394 ούδέν
507 1326 577 1393 ἐστι
593 1319 805 1416 πρεσβύτερον
824 1327 883 1393 τού
903 1318 946 1406 ὡς
964 1318 1016 1393 ὅτι
1028 1326 1198 1414 βέλτιστον
1216 1323 1274 1414 ἐμὲ
1289 1323 1448 1414 γενέσθαι,
1478 1316 1558 1391 τού-

398 1475 456 1521 του
475 1445 502 1520 δ’
522 1446 615 1541 οίμαί
633 1474 688 1541 μοι
705 1446 921 1545 συλλήπτορα
935 1445 1055 1521 ούδένα
1074 1446 1263 1545 κυριώτερον
1282 1445 1363 1520 εἶναι
1382 1453 1455 1519 σού.
1492 1445 1559 1541 ἐγω

397 1575 440 1669 δὴ
458 1573 593 1676 τοιούτῳ
619 1572 714 1673 άνδρὶ
731 1574 814 1648 πολύ
838 1581 962 1668 μάλλον
985 1574 1026 1648 άν
1049 1575 1095 1670 μη
1114 1574 1318 1673 χαριζόμενος
1336 1577 1558 1670 αἰσχυνοίμην

398 1702 476 1789 τούς
494 1707 681 1800 φρονίμους,
707 1703 729 1796 ἦ
755 1702 961 1800 χαριζόμενος
977 1702 1057 1798 Ιτούς
1082 1732 1120 1776 τε
1145 1703 1284 1790 πολλούς
1308 1706 1368 1776 καὶ
1393 1694 1560 1799 άφρονας.

399 1835 468 1903 Καὶ
486 1823 580 1916 οὗτος
597 1829 747 1917 οἰκούσας
764 1830 841 1924 μάλ’
861 1836 1030 1929 είρωνικῶς
1053 1835 1113 1904 καὶ
1136 1830 1246 1929 σφόδρ’
1270 1837 1378 1931 ἑαυτῷ
1398 1829 1563 1917 είωθότως

399 1960 504 2047 ἔλεξεν
513 2006 530 2048 ,-
544 1952 593 2029 Ὦ
613 1962 687 2054 φιλε
700 1957 915 2053 Ἀλκιβιάδη,
941 1958 1117 2033 κινδυνεύει
1133 1966 1179 2059 τῷ
1198 1956 1266 2033 ὄντι
1284 1957 1321 2032 ού
1339 1956 1442 2054 φαῦλ’
1463 1958 1562 2048 εἶναι,

401 2090 488 2183 είπερ
512 2084 622 2179 άληθή
644 2084 799 2180 τυγχάνει
817 2085 943 2160 ’σ’νταόί
970 2094 1074 2182 λέγεις
1097 2090 1168 2184 περὶ
1196 2093 1293 2181 ἐμοῦ,
1326 2090 1389 2159 καί
1412 2115 1468 2173 τις
1493 2085 1585 2160 έστίι

402 2218 434 2286 ἐν
458 2215 528 2306 ἐμοὶ
555 2210 710 2308 δύναμις,
736 2212 775 2286 δι’
803 2204 853 2305 ἧς
872 2215 912 2286 άν
937 2215 978 2287 σύ
1005 2221 1107 2309 γένοιο
1132 2211 1289 2308 άμείνων·
1323 2212 1502 2309 άμήχανόν
1529 2242 1564 2287 τι

401 2337 525 2427 κάλλος
545 2338 648 2440 ὁρῴης
665 2340 707 2413 άν
727 2347 758 2414 ἐν
775 2345 845 2436 ἐμοὶ
862 2347 922 2415 καί
939 2350 1001 2437 τῆς
1019 2343 1112 2440 παρά
1130 2346 1183 2416 σοὶΙ
1201 2341 1378 2440 εύμορφίας
1396 2339 1564 2436 πάμπολυ

400 2474 561 2564 διαφέρον.
614 2474 643 2541 εί
668 2469 709 2563 δὴ
737 2475 879 2568 καθορῶν
906 2468 989 2543 αύτό
1011 2469 1232 2543 κοινάσασθαί
1253 2477 1291 2544 τέ
1316 2497 1370 2564 μοι
1391 2474 1565 2567 ἐπιχειρεῖς

403 2598 463 2669 καὶ
487 2594 698 2684 ἀλλάξασθαι
723 2596 846 2683 κάλλος
872 2596 947 2671 άντί
972 2597 1132 2686 κάλλους,
1160 2596 1222 2671 ούκ
1248 2596 1344 2698 όλίγῳ
1374 2625 1437 2692 μου
1450 2617 1453 2621 ’
1467 2606 1565 2672 πλεο-

344 2732 524 2796 ειννεκτείν
541 2730 670 2808 διανοεῖ,
692 2722 764 2797 ἀλλ’
786 2722 862 2798 άντὶ
877 2725 978 2819 δόξης
995 2724 1149 2821 α’λήθειαν
1166 2724 1310 2824 [καλῶν]
1327 2729 1478 2800 κτάσθαι
1494 2732 1588 2799 ἐπι-ν

403 2862 532 2949 χειρείς,
560 2855 683 2952 καὶτῷ
704 2852 771 2927 όντι
785 2852 908 2951 χρύσεα
925 2858 1084 2948 χαλκείων
1104 2859 1327 2949 διαμείβεσθαι
1344 2864 1435 2940 νοείς.
1473 2853 1564 2942 ἀλλ’,

404 2973 429 3053 ὦ
451 2980 610 3078 μακάριε,
638 2980 765 3074 ἄμεινον
784 2979 916 3072 σκόπει,
945 2981 992 3078 μή
1016 3011 1053 3055 σε
1077 2981 1225 3056 λανθάνω
1245 2980 1340 3055 ούδὲν
1356 2980 1409 3054 ὄν.
1466 2966 1566 3076 ἤτοι

404 3112 467 3202 τῆς
487 3113 633 3194 διανοίας
660 3108 735 3207 όψις
754 3107 892 3207 άρχεται
915 3106 975 3198 σ’ξύ
1000 3117 1143 3205 βλέπειν,
1169 3110 1249 3183 όταν
1273 3108 1379 3203 ἡτῶν
1400 3106 1564 3203 ὀμμάτων

404 3243 467 3327 τῆς
486 3235 599 3330 άκμῆς
618 3235 727 3331 λήγειν
751 3243 910 3335 ἐπιχειρη·
932 3220 988 3310 Ισύ
1007 3241 1043 3311 δὲ
1064 3237 1187 3311 τούτοιν
1209 3243 1258 3312 ἔτι
1283 3234 1398 3335 πόρρω.
1455 3236 1564 3332 Κάγιύ

405 3358 574 3450 άκούσας,
602 3362 656 3436 Τά
681 3368 737 3457 μὲν
762 3363 838 3462 παρ’
865 3371 964 3458 ἐμοῦ,
999 3371 1099 3461 ἔφην,
1132 3364 1229 3439 ταῦτ’
1252 3368 1358 3451 ἐστίν,
1394 3356 1439 3436 ὧν
1468 3363 1564 3439 ούδέν

406 3487 518 3590 άλλως
537 3496 664 3589 είρηται
687 3492 708 3587 ἦ
733 3491 776 3579 ὧς
796 3500 1007 3588 διανοοῦμαι·
1035 3492 1076 3566 σύ
1094 3492 1122 3566 δ’
1143 3492 1244 3579 αύτὸς
1260 3493 1344 3566 ούτω
1365 3491 1527 3586 βουλεύου
1548 3493 1565 3566 ό

380 3635 386 3648 ’
406 3648 438 3692 τι
455 3623 508 3693 σοί
523 3618 550 3692 τ’
571 3618 701 3717 άριστον
719 3618 822 3714 κάμοὶ
839 3619 921 3715 ἠγεί
969 3607 1076 3712 Ἄλλζ
1102 3627 1185 3718 ἔφη,
1212 3619 1310 3694 τούτό
1329 3617 1360 3715 γ’
1379 3613 1415 3694 εύ
1438 3626 1564 3713 λέγεις·

407 3753 438 3820 ἐν
459 3746 524 3845 γάρ
545 3752 591 3847 τῷ
611 3746 732 3820 ἐπιόντι
753 3746 853 3848 χρόνῳ
876 3747 1099 3843 βουλευόμενοι
1115 3747 1278 3846 πράξομεν
1296 3747 1313 3821 ὃ
1334 3746 1376 3820 άν
1396 3751 1589 3844 φαίνηταιθ

336 3873 369 3960 ,,’
406 3880 468 3974 νῷν
486 3879 559 3971 περί
575 3903 611 3947 τε
627 3876 751 3948 τούτων
768 3879 827 3948 καὶ
846 3879 917 3973 περὶ
933 3884 997 3949 τῶν
1014 3876 1121 3950 άλλων
1141 3875 1284 3972 άριστον.
1331 3873 1421 3970 Έγῶ
1443 3871 1564 3971 μὲνδὴ

407 3999 503 4076 ταῦτ’
523 3999 672 4088 άκούσας
693 4029 730 4074 τε
755 4006 815 4075 καὶ
840 4003 935 4075 εἰπών
960 4006 1020 4076 καὶ
1042 4002 1137 4100 ἀφεὶς
1154 4002 1267 4101 ὥσπερ,
1279 4008 1357 4096 βέλη
1380 4009 1567 4100 τετρῶσθαι

408 4127 511 4204 αύτόν
538 4128 638 4230 ᾤμην.
692 4133 751 4203 καὶ
776 4126 930 4216 άναστάς
954 4158 1009 4224 γε,
1037 4121 1105 4204 ούδ’
1128 4133 1306 4228 ἐπιτρέψας
1328 4128 1437 4230 τούτῳ
1464 4135 1566 4205 εἰπεῖν

408 4257 500 4331 ούδέν
514 4261 585 4344 ἐτι,
613 4256 780 4354 άμφιέσας
801 4257 839 4331 τό
864 4256 994 4352 ἱμάτιον
1020 4257 1058 4332 τό
1082 4264 1229 4351 ἐμαυτού
1248 4265 1382 4347 τούτου,
1410 4257 1472 4332 καί
1499 4259 1565 4357 γάρ

408 4379 448 4479 ἧν
472 4383 606 4479 χειμιύν,
633 4384 695 4458 ύπό
717 4384 770 4459 τόν
796 4390 936 4483 τρίβωνα
954 4390 1166 4472 κατακλινεὶς
1183 4385 1238 4460 τόν
1262 4383 1401 4475 τούτου,
1430 4393 1566 4484 περιβαΓ

408 4512 470 4586 λίνν
488 4511 534 4585 τί)
550 4521 633 4610 χείρε
649 4511 754 4614 τούτῳ
771 4517 816 4612 τῷ
837 4517 992 4614 δαιμονίῳ
1011 4512 1054 4600 ὡς
1071 4512 1200 4608 άληθῶς
1219 4518 1278 4587 καὶ
1298 4519 1483 4614 θαυμαστῷ
1504 4544 1566 4589 κα-

408 4644 559 4734 τεκείμην
585 4640 645 4733 τὴν
664 4639 771 4714 νύκτα
793 4641 881 4732 όλην.
935 4645 995 4714 καί
1021 4640 1095 4715 ούδὲ
1119 4639 1214 4715 ταῦτ’
1235 4635 1298 4731 αύ,
1325 4635 1587 4738 ύΣύκρατες,ν

407 4774 487 4864 ἐρείς
501 4768 552 4840 ότι
570 4767 740 4866 ψεύδομαι.
776 4769 974 4865 ποιησαντος
991 4773 1027 4843 δέ
1042 4769 1084 4862 δὴ
1101 4769 1196 4842 ταῦτ’
1216 4774 1306 4863 έμσύ,
1334 4762 1430 4855 ούτος
1445 4779 1566 4845 τοσού-

408 4925 462 4971 τον
484 4897 678 4995 περιεγένετό
696 4927 733 4970 τε
750 4901 809 4970 καὶ
828 4896 1054 4995 κατεφρόνησε
1076 4902 1136 4971 καὶ
1160 4902 1366 4993 κατεγέλασε
1390 4904 1457 4993 τῆς
1482 4904 1567 4994 ἐμῆς
