3850 5700
452 748 494 815 38
924 744 1131 808 ΠΛΑΤΩΝΟΣ

451 914 507 960 ναι
524 885 579 960 τόν
601 892 708 984 ἔρωτα
731 883 796 960 οὔθ’
816 885 910 976 όλου,
938 884 995 959 ἐὰν
1021 885 1067 981 μὴ
1084 881 1234 980 τυγχάνῃ
1258 891 1405 979 γέ-που,
1432 878 1458 958 τό
1486 890 1600 983 ἑταῖρε,

454 1013 577 1110 οίγαθόν
598 1013 632 1086 όν
644 1011 667 1120 γ’
679 1016 748 1087 ἐπεὶ
764 1011 873 1087 αὑτῶν
890 1041 927 1108 γε
945 1016 1005 1086 καὶ
1021 1011 1125 1099 πόδας
1143 1016 1203 1085 καθ
1219 1020 1330 1109 χεῖρας
1346 1018 1506 1112 ἐθέλουσιν
1524 1012 1601 1086 οίπο

455 1147 625 1236 τέμνεσθαι
643 1140 820 1238 ἅνθρωποι,
847 1139 904 1214 ἔάν
924 1138 1039 1226 αὐτοῖς
1058 1148 1140 1235 δοκῷ
1157 1139 1204 1214 τοὶ
1224 1146 1349 1213 ἑαυτῶν
1369 1140 1499 1238 πονηροὶ
1514 1139 1599 1215 εἶναι

455 1268 492 1343 οό
509 1267 574 1366 γοὶρ
594 1266 632 1342 τό
659 1274 803 1358 ἑαυτῶν,
830 1266 951 1361 οίμαιμ
964 1271 1101 1341 ἔκαστοι
1125 1266 1352 1372 ἀσπάζονται,
1378 1267 1533 1387 elffii
1556 1295 1601 1355 τις

454 1396 492 1470 τό
510 1399 567 1490 μὲν
583 1394 705 1491 οἱγαθόν
719 1399 833 1467 οίκείον
849 1401 947 1469 καλεῖ
959 1397 1020 1467 καὶ
1036 1401 1166 1484 ἑαυτοῦ,
1194 1394 1231 1468 τό
1247 1398 1283 1467 δὲ
1297 1375 1401 1469 κακόν
1418 1373 1599 1493 οίλλότριον·

396 1522 499 1611 Ξθθός
518 1522 609 1597 οὐδέν
626 1521 656 1618 γ’
678 1522 760 1595 ἄλλο
778 1525 864 1596 ἔστὶν
888 1515 925 1595 οό
950 1527 1062 1618 ἔρῷσιν
1080 1521 1240 1619 ἄνθρωποι
1255 1522 1279 1614 ἤ
1296 1521 1453 1618 τάγαθόν.
1506 1522 1531 1615 ἦ
1555 1526 1616 1597 σοὶι

454 1658 622 1735 θοκοϋσιν;
664 1648 723 1723 Md
740 1648 794 1723 Δί’
817 1649 879 1723 οιίκ
905 1655 1030 1745 ἔμοιγε,
1056 1644 1097 1744 ἧν
1118 1647 1145 1721 δ’
1164 1647 1235 1744 ἐγώ.
1283 1644 1355 1748 Ἀφ’
1379 1643 1454 1740 σόν,
1479 1645 1598 1744 ἧδ’ἤ,

456 1778 560 1864 οὕτως
578 1775 705 1850 ἁπλοῦν
722 1782 792 1850 ἔστι
812 1783 932 1872 λέγειν,
958 1777 1010 1851 ότι
1030 1775 1189 1875 σ’ίνθρωποι
1207 1774 1356 1873 τοίγσθοῦ
1375 1783 1490 1874 ἐρῶσα
1526 1781 1598 1868 Ναί,
1700 1786 1704 1829 ³

457 1912 548 2003 ἔφην.
602 1909 645 1977 Τί
658 1911 711 1987 δέ;
739 1902 777 1977 οό
798 1907 1004 2011 προσθετέον,
1031 1910 1114 2001 ἔφη,
1142 1904 1193 1978 ότι
1209 1908 1269 1979 καὶ
1285 1904 1367 1979 εἶναι
1384 1904 1533 2001 τάγαθόν
1548 1904 1598 1980 αθ·

456 2042 524 2120 τοῖς
543 2037 673 2129 ἔρῷσιν;
713 2037 917 2128 Προσθετέον.
965 2025 1035 2130 Ἆρ’
1057 2026 1132 2122 οὖν,
1159 2038 1241 2129 ἔφη,
1269 2036 1330 2107 καὶ
1347 2031 1385 2107 οθ
1401 2032 1499 2127 μόνον
1516 2032 1597 2123 εἶναι,

457 2159 547 2233 ἀλλὰ
566 2162 626 2233 καὶ
643 2157 696 2232 οίεὶ
716 2158 816 2244 είναι;
852 2163 919 2233 Καὶ
933 2167 1039 2258 ,τοῦτο
1056 2166 1254 2257 προσθετέον.
1299 2149 1420 2235 Ἔστιν
1439 2160 1511 2258 ἄρα
1536 2164 1598 2250 ξυλ-

455 2287 598 2383 λήβδην,
633 2292 715 2385 ἔφη,
743 2285 759 2360 ὁ
784 2292 862 2386 ἔρως
884 2292 943 2362 τοι]
968 2285 1112 2381 τοίγαθόν
1137 2286 1228 2389 αότῷ
1256 2287 1338 2363 εἶναι
1363 2286 1425 2363 οἷοί
1476 2287 1599 2383 Ἀληθέ·

456 2444 584 2505 στατα,
611 2420 693 2512 ἔφην
720 2414 800 2509 ἔγοί,
827 2420 958 2510 λέγεις,1
1409 2511 1415 2522 .
1498 2517 1502 2525 .

534 2538 645 2619 XXV.
689 2542 781 2615 ’Ότε
801 2541 842 2630 δή
868 2540 988 2616 τούτου
1013 2540 1028 2616 ὁ
1051 2547 1128 2639 ἔρως
1151 2547 1260 2634 ἐστίν,
1286 2536 1355 2638 ἧδ’
1372 2543 1416 2637 ἥ,
1441 2551 1506 2617 τῶν
1533 2548 1623 2618 τίναθν

456 2668 571 2767 τρόπον
589 2667 767 2743 διωκόντων
784 2667 869 2743 αὐτὸ
887 2672 947 2742 καὶ
965 2675 997 2741 ἔν
1015 2674 1077 2742 τίνι
1095 2668 1212 2766 πράξει
1227 2669 1250 2765 ἠ
1269 2669 1396 2765 σπουδὴ
1415 2670 1514 2768 καὶὴ
1534 2669 1621 2748 σόν.

456 2825 553 2885 τασις
577 2803 654 2894 ἔρως
679 2794 719 2870 σίν
744 2803 897 2895 καλοίτο;
929 2801 964 2870 τί
985 2804 1084 2872 τουτο
1104 2796 1259 2894 τυγχοίνιι
1283 2797 1316 2872 ὂν
1332 2791 1493 2897 ’τοῦργονς
1529 2805 1622 2896 ἔχεις

456 2931 573 3020 είπεῐν;
617 2924 666 2999 Οό
686 2925 806 3020 μεντᾶν
830 2933 884 3014 σέ,
912 2930 994 3023 ἔφην
1014 2925 1095 3020 ἔγῷ,
1122 2920 1146 2999 ὦ
1167 2931 1325 3021 Διοτίμα,
1352 2926 1535 3024 ἐθαύμαζον
1556 2926 1638 3003 ἐπὶ

447 3058 559 3153 -σοφίηι
582 3057 642 3126 καί
666 3057 800 3150 ἐφοίτων
818 3052 912 3149 παρὰ
930 3057 968 3127 σὲ
985 3051 1078 3128 ου’τοὶ
1094 3061 1209 3128 ταῦτα
1233 3053 1467 3150 μαθησόμενος.
1517 3044 1641 3130 Ἀλλ’

455 3180 520 3277 ἔγω
538 3208 605 3271 σοι,
633 3187 714 3278 ἔφη,
742 3185 811 3278 ἐρῶ.
866 3180 1018 3279 ἔστιγὰρ
1036 3188 1134 3255 τοῦτο
1154 3180 1249 3267 τόκος
1270 3187 1302 3254 ἔν
1323 3188 1416 3282 καλῷ
1433 3187 1495 3257 καὶ
1518 3171 1656 3258 κατὰ

456 3308 494 3383 τό
516 3313 615 3402 σῶμα
637 3310 697 3381 καὶ
715 3307 808 3381 κατὰ
829 3306 890 3402 τὴν
908 3307 1025 3407 ψυχήν.
1079 3313 1263 3400 Μαντείας,
1291 3303 1331 3402 ἧν
1349 3308 1376 3383 δ’
1396 3309 1478 3406 ἔγω,
1504 3318 1663 3386 zaim

456 3436 523 3510 ότι
541 3439 621 3509 ποτὲ
639 3441 760 3530 λέγεις,
787 3439 847 3508 καὶ
864 3433 901 3510 οό
921 3435 1081 3530 μανθάνω.
1132 3434 1223 3510 Ἀλλ’
1244 3435 1327 3533 ἔγω,
1353 3431 1419 3528 ἧδ’
1438 3439 1481 3535 ἤ,
1508 3433 1666 3538 σσφέ·

458 3592 567 3661 στερον
586 3569 655 3658 ἐρῶ.
700 3571 819 3637 κυοῦσι
835 3561 911 3661 γοίρ,
938 3569 1031 3660 ἔφη,
1048 3558 1073 3636 (ό
1089 3563 1284 3662 Σώκρατες,
1311 3563 1433 3652 πάντες
1450 3566 1686 3664 ἆῖνθρωπᾱνο

457 3694 517 3765 καὶ
540 3687 688 3763 κατὰτὸ
707 3698 805 3784 σῶμα
820 3693 880 3764 καὶ
897 3690 991 3764 κατσὶ
1009 3691 1069 3783 τόν
1090 3691 1216 3789 ψυχήν,
1242 3691 1405 3767 κοίπειδοὶν
1425 3698 1457 3766 ἔν
1475 3701 1521 3790 τῷ
1540 3692 1672 3788 vix-⁴2·

457 3823 517 3918 κίφι
535 3825 710 3913 γένωνται,
736 3822 856 3891 τίκτειν
883 3824 1030 3913 ἐπιθυμεῖ
1053 3818 1145 3914 ἡμῶν
1170 3817 1192 3912 ἡ
1214 3818 1322 3916 φόσις.
1375 3824 1496 3895 τίκτειν
1522 3821 1550 3896 δ’
1576 3814 1674 3894 ἐν

459 3950 515 4053 μὲν
535 3951 656 4045 αἰσχρῷ
676 3943 712 4019 οό
732 3924 901 4038 δύναται,
919 3950 951 4018 ἔν
965 3950 1002 4019 δὲ
1019 3945 1098 4045 [τῷ]
1118 3952 1220 4046 καλῷ.
1273 3953 1344 4022 ἔστι
1363 3951 1400 4053 θὲ
1416 3955 1515 4024 τοῦτο
1531 3956 1675 4023 θείςθ

458 4072 495 4147 τό
513 4080 670 4170 πρᾶγμα,
697 4076 756 4146 καὶ
773 4071 862 4175 τοῦτ’
882 4079 914 4145 ἔν
932 4079 1035 4174 θνητῷ
1055 4074 1124 4147 όντι
1142 4079 1189 4176 τῷ
1209 4074 1277 4176 ζῷφ
1295 4073 1460 4150 οίθοίνατον
1478 4083 1626 4153 ἔνεστμ
1640 4091 1674 4151 v,

457 4201 479 4298 ἡ
498 4200 615 4292 κύησις
634 4204 693 4274 καί
709 4199 732 4294 ἡ
751 4208 906 4295 γέννησις.
946 4210 1060 4276 ταῦτα
1074 4201 1101 4275 δ’
1119 4208 1150 4275 ἔν
1166 4210 1213 4303 τῷ
1229 4201 1427 4305 ἀναρμόστῳ
1443 4202 1673 4279 οίδόναταν

457 4334 613 4425 γενέσθαι.
653 4327 857 4426 οίνοίφμοστον
875 4328 902 4402 δ’
924 4332 996 4403 ἐστὶ
1012 4329 1049 4404 τό
1069 4328 1200 4426 αἰσχρόν
1219 4333 1321 4404 παντὶ
1337 4339 1383 4432 τῷ
1399 4337 1489 4434 θείιρ,
1516 4330 1557 4407 τό
1572 4319 1687 4399 Ξόί

458 4455 560 4530 καλὸν
573 4454 752 4566 ρἰρμόττον.
803 4461 909 4552 Μοῖρα
926 4451 981 4529 οὖν
1000 4460 1060 4530 καὶ
1075 4462 1241 4530 Εἰλείθυια
1260 4456 1284 4550 ἡ
1302 4458 1456 4555 Καλλονή
1476 4465 1547 4534 ἔστι
1563 4451 1661 4540 τίθ

456 4593 586 4680 γενέσει.
623 4585 680 4659 διὰ
696 4584 789 4660 ταῦθ’
811 4587 891 4660 όταν
911 4589 967 4679 μὲν
984 4592 1077 4686 καλῷ
1096 4583 1307 4681 προσπελόζη
1325 4587 1361 4659 τό
1379 4592 1489 4679 κυοῡν,
1515 4573 1650 4662 Qec-5⁹

458 4841 538 4916 όταν
554 4839 582 4915 θ’
601 4846 741 4938 αἰσχρῷ,
767 4841 953 4936 σκυθρωπόν
974 4871 1005 4914 τε
1021 4846 1167 4936 γίγνεται
1188 4845 1247 4915 καὶ
1262 4841 1459 4937 λυπούμενον
1477 4863 1621 4918 συσπει-

458 4743 495 4787 τε
507 4719 654 4810 γίγνεται
667 4718 726 4787 καί
738 4712 984 4812 ου’φραινόμενον
999 4722 1170 4808 διαχεῖται,
1188 4718 1248 4787 καὶ
1260 4719 1364 4788 τίκτει
1377 4744 1414 4788 το
1427 4720 1486 4790 καὶ
1495 4711 1624 4812 γεννᾷ
1631 4726 1638 4741 ’
1659 4770 1704 5052 l

501 5188 577 5295 ’Λ
