3850 5700
788 771 1020 828 2ffl110210N.
1322 842 1324 845 ¹
1438 778 1481 843 37

327 916 423 987 ἔσται
439 916 559 1014 ἐκείνῳ,
586 905 610 1013 ᾧ
633 910 674 986 άν
688 919 826 1008 γένηται
841 910 996 1007 τάγαθάς
1023 911 1121 987 Τοῦτ’
1140 912 1364 1013 εὐπορύτερον,
1390 908 1433 1007 ἦν
1451 912 1478 990 δ’

264 1039 400 1135 ἳθῠέγύ,
421 1046 483 1137 ἔχω
501 1039 749 1138 ἀποκρίνασθαι,
770 1040 821 1114 ότι
840 1037 1002 1134 εὐδαίμων
1022 1046 1127 1116 ἔσται.
1162 1040 1288 1134 Κτήσει
1305 1042 1381 1140 γάρ,
1401 1048 1502 1140 ἔφη,ι

241 1206 247 1211 -
326 1165 460 1262 άγαθῶν
480 1172 508 1243 οί
526 1167 713 1262 εὐδαίμονες
728 1167 925 1263 εὐδαίμονες.
979 1173 1039 1243 καὶ
1065 1168 1174 1244 οὐκέτι
1195 1177 1330 1267 προσδεῖ
1341 1176 1479 1269 ἐρέσθαι,

327 1298 382 1369 ίνα
395 1299 429 1369 τί
441 1300 477 1370 δὲ
490 1294 644 1391 βούλεται
658 1294 820 1391 εὐδαίμων
836 1294 917 1369 εἶναι
933 1294 949 1369 ό
963 1295 1163 1393 βουλόμενος,
1184 1296 1273 1370 άλλά
1287 1304 1380 1386 τέλος
1393 1306 1483 1372 δοκεῖ

326 1428 407 1519 ἔχειν
425 1421 451 1518 ἠ
469 1421 650 1521 άπόκρισις.
691 1422 816 1517 Ἀληθῆ
838 1429 959 1519 λέγεις,
986 1422 1074 1497 εἶπον
1091 1422 1163 1520 ἐγώ.
1206 1423 1341 1518 Ταύτην
1358 1424 1400 1517 δὴ
1418 1425 1479 1518 τὴν

326 1548 479 1644 βουλησιν
500 1553 560 1624 καὶ
578 1551 634 1625 τόν
654 1556 761 1649 ἔρωτα
778 1555 894 1625 τούτον
911 1550 1036 1650 πότερα
1056 1550 1158 1626 κοινόν
1176 1556 1234 1626 οίει
1249 1550 1330 1625 εἶναι
1346 1552 1478 1627 πάντων

325 1674 518 1775 άνθρόπων,
544 1675 605 1752 καὶ
629 1676 761 1764 πάντας
785 1677 919 1774 τάγαθά
942 1678 1113 1773 βούλεσθαι
1131 1677 1244 1766 αὐτοῖς
1260 1678 1341 1753 εἶναι
1358 1678 1428 1774 άεί,
1455 1679 1478 1774 ἧ
1517 1715 1523 1749 ε

229 1800 235 1811 ’
282 1885 289 1898 ‚
324 1811 395 1892 πῶς
414 1811 535 1901 λέγειςς
563 1806 697 1898 Οὐτως,
724 1800 763 1900 ἦν
785 1804 813 1880 δ’
839 1806 919 1903 ἐγώ·
946 1806 1050 1880 κοινόν
1069 1805 1151 1881 εἶναι
1173 1805 1314 1882 πάντων.
1368 1811 1411 1882 Τί
1434 1808 1478 1904 δὴ

323 1926 391 2023 οὐν,
419 1938 495 2030 ἔφη,
521 1927 759 2032 ὐΣύνιρατεςς
787 1932 825 2007 οὐ
842 1932 974 2021 πάντας
994 1940 1070 2033 ἐρᾶν
1089 1964 1208 2033 φαμεν,
1236 1939 1322 2033 εἴπερ
1340 1965 1379 2032 γε
1395 1933 1482 2010 πάνέ
1603 1970 1612 1983 ’

322 2088 378 2148 τες
395 2068 460 2134 τῶν
479 2059 589 2135 αὐτῶν
604 2067 699 2159 ἐρῶσι
716 2064 777 2135 καί
795 2059 869 2154 άεί,
896 2060 988 2136 άλλά
1003 2061 1098 2150 τινάς
1114 2091 1221 2161 φαμεν
1241 2070 1330 2161 ἐρᾶν,
1355 2062 1432 2150 τούς
1448 2062 1502 2138 δ’ῑ)

322 2187 362 2263 οὐ
369 2217 379 2274 ;
422 2188 608 2283 Θαυμάζω,
642 2183 683 2282 ἧν
709 2188 735 2263 δ’
763 2189 844 2285 ἐγώ,
877 2194 937 2264 καὶ
959 2189 1071 2277 αὐτός.
1120 2190 1229 2265 Ἀλλά
1253 2190 1311 2286 μὴ
1326 2189 1478 2285 θαύμαξ,

296 2322 405 2414 εφη·
441 2314 617 2414 ἀφελόντες
644 2315 709 2415 γάρ
736 2325 794 2392 τού
821 2323 939 2416 ἔρωτος
964 2348 998 2392 τι
1022 2317 1105 2406 είδος
1132 2317 1328 2414 ὀνομάζομεν
1355 2320 1476 2394 τὸτοῦ

320 2426 400 2518 όλον
421 2450 609 2531 ἐπιτιθέντες
629 2444 732 2541 όνομα
750 2450 874 2543 ἔρωτα,
901 2445 947 2520 τά
964 2446 992 2520 δ’
1010 2445 1104 2520 άλλα
1119 2445 1234 2534 άλλοις
1251 2446 1475 2544 καταχριόμεθ

318 2570 485 2666 ὀνόμασιν.
529 2572 662 2670 Ὥσπερ
691 2576 744 2659 τί;
779 2566 820 2666 ἧν
847 2571 876 2647 δ’
905 2573 978 2669 ἐγώ.
1022 2570 1156 2673 Ὥσπερ
1183 2573 1267 2649 τόδε.
1322 2573 1396 2649 οἶσθ’
1425 2575 1476 2649 ότι

317 2684 451 2793 ποίησίς
471 2705 542 2775 ἐστί
565 2729 599 2775 τι
625 2699 718 2774 πολύ.
771 2699 793 2797 ἡ
815 2700 881 2798 γάρ
908 2730 958 2775 τοι
972 2703 1022 2775 ’ἐκ
1042 2710 1101 2777 τοῦ
1123 2701 1169 2798 μὴ
1195 2703 1288 2791 όντος
1311 2708 1357 2790 είς
1374 2702 1411 2777 τό
1440 2703 1474 2778 όν

318 2826 400 2904 ίόντι
421 2826 542 2931 ότφούν
561 2832 656 2903 αίτία
679 2826 776 2904 πάσά
799 2834 870 2904 ἐστι
894 2834 1044 2924 ποίησις,
1071 2831 1156 2905 ὥστε
1181 2835 1241 2906 καὶ
1263 2835 1299 2907 αἱ
1319 2828 1384 2906 ὐπὸ
1408 2828 1474 2907 πά-

316 2984 398 3059 σαις
414 2965 490 3044 ταῖς
507 2964 635 3052 τέχναις
650 2961 803 3077 ἐργασίαι
821 2956 967 3053 ποιήσεις
984 2963 1046 3032 είσὶ
1062 2962 1122 3033 καὶ
1139 2963 1167 3032 σί
1181 2958 1304 3033 τούτων
1320 2966 1495 3058 δημιουρ-ε

314 3087 373 3181 γσὶ
388 3082 510 3172 πάντες
524 3079 668 3178 ποιηταί.
708 3083 832 3180 Ἀληθῆ
850 3089 961 3182 λέγεις’.
1002 3084 1091 3160 Ἀλλ’
1104 3086 1216 3181 ιὅμως,
1243 3081 1309 3183 ἧδ’
1325 3087 1367 3181 ἥ,
1394 3085 1471 3161 οἶσθ’
1498 3143 1505 3151 -

313 3212 371 3286 ότι
394 3209 430 3285 οὐ
451 3217 634 3285 καλοῦνται
658 3216 810 3307 ποιηταί,
838 3211 912 3287 ἀλλ’
938 3212 1029 3287 ἄλλα
1045 3220 1179 3310 Ιἔχουσιν
1207 3213 1375 3309 ὀνόματα,
1402 3213 1470 3289 άπὸ

313 3342 356 3414 δὲ
373 3338 484 3434 πάσης
505 3320 568 3434 της
585 3339 744 3434 ποιήσεως
762 3347 794 3414 ἓν
813 3340 917 3438 μόριον
939 3339 1108 3439 άφορισθὲν
1128 3341 1166 3418 τό
1184 3347 1257 3441 περὶ
1276 3342 1337 3437 τήν
1359 3371 1471 3437 μουσι·

312 3465 381 3561 κήν
396 3470 456 3541 καὶ
470 3466 516 3542 τά
534 3475 638 3565 μέτρα
652 3476 700 3567 τῷ
716 3475 775 3543 τού
795 3468 871 3543 ’όλου
890 3466 1030 3562 όνόματι
1047 3470 1332 3568 προσαγορεύεται.
1380 3475 1469 3566 ποίη-

313 3622 370 3681 σις
387 3594 450 3691 γάρ
472 3603 569 3670 τοῦτο
589 3595 683 3691 μόνον
695 3603 879 3688 καλεῖται,
896 3601 968 3671 ’καὶ
991 3602 1020 3671 οἱ
1039 3603 1164 3693 ἔχοντες
1183 3607 1282 3673 τοῦτο
1300 3598 1338 3672 τό
1362 3598 1468 3696 μόριον

288 3729 380 3814 ,τῆς
405 3720 565 3818 ποιήσεως
591 3727 738 3818 ποιηταί.
789 3723 916 3818 Ἀληθῆ
938 3731 1058 3821 λέγεις,
1093 3731 1184 3823 ἔφην.
1238 3726 1337 3800 Οὐτι)
1363 3730 1468 3800 τοίνυν
1495 3708 1506 3715 “
1547 3763 1551 3770 ·

310 3854 461 3948 καὶπερὶ
476 3849 532 3924 τόν
551 3856 674 3950 ἔρωτα·
700 3852 738 3927 τό
754 3856 810 3948 μὲν
824 3850 1007 3950 κεφάλαιόν
1021 3858 1108 3928 ἐστιν
1126 3854 1241 3953 [πᾶσα
1257 3852 1280 3949 ἡ
1298 3863 1362 3928 τῶν
1381 3852 1492 3949 άγα·σ

309 3984 376 4052 θῶν
392 3982 544 4073 ἐπιθυμία
560 3982 620 4053 καί
637 3988 698 4054 τοῦ
714 3978 941 4079 εὐδάιμονείν,]
969 3979 985 4053 ό
1002 3980 1152 4077 μέγιστός
1169 4010 1205 4055 τε
1223 3984 1282 4055 καὶ
1298 3981 1371 4069 όλος
1389 3987 1467 4078 ἔρως

309 4109 432 4180 παντί·
466 4104 539 4180 ἀλλ’
567 4111 596 4180 οἱ
624 4111 680 4203 μὲν
709 4107 799 4204 άλλη
825 4105 1013 4206 τρεπόμενοι
1035 4114 1186 4205 πολλαχῇ
1213 4106 1260 4182 ἐπ’
1292 4107 1411 4201 αὐτόν,
1443 4109 1467 4204 ἢ

308 4233 409 4308 κατά
424 4235 651 4332 χρηματισμόν
667 4235 691 4331 ἦ
707 4234 799 4310 κατά
814 4240 1094 4333 φιλογυμναστίαν
1112 4235 1245 4330 ἥματά
1260 4241 1464 4333 φιλοσοφίαν,

310 4347 381 4437 οὐτ’
399 4367 475 4459 ἐράν
495 4368 678 4438 καλοῦνται
700 4363 765 4437 οὐτ’
788 4368 941 4462 ἐρασταί,
966 4368 999 4437 σί
1014 4367 1051 4438 δὲ
1066 4363 1140 4439 καθ’
1164 4369 1195 4438 ἕν
1212 4394 1246 4439 τι
1262 4363 1345 4452 είδος
1365 4363 1466 4453 ἰόντες

308 4517 352 4565 τε
365 4493 425 4564 καί
443 4489 682 4578 ἐσπουδακότες
698 4490 735 4566 τό
753 4499 811 4565 τού
830 4491 906 4566 όλον
925 4491 1028 4588 όνομα
1044 4481 1206 4587 ἴσχουσιν,
1228 4474 1335 4590 ἔροτά
1351 4522 1388 4567 τε
1405 4498 1466 4569 καὶ

308 4621 466 4715 ἐρᾶνκαὶ
484 4623 630 4716 ἐρασταί.
665 4617 866 4707 Κινδυνεύεις
886 4617 1014 4712 άληθή,
1041 4625 1122 4716 ἔφην
1142 4617 1216 4716 ἐγώ,
1243 4627 1356 4717 λέγειν.
1370 4655 1382 4710 l
1396 4625 1465 4695 Καὶ

307 4751 445 4839 λέγεται
474 4752 530 4841 μέν
555 4753 593 4841 γέ
615 4775 682 4838 τις,
709 4752 793 4844 ἔφη,
818 4746 930 4840 λόγος,
957 4746 1001 4834 ὡς
1024 4755 1055 4820 οἳ
1076 4747 1118 4821 άν
1141 4746 1180 4821 τό
1207 4747 1310 4842 ἥμισυ
1336 4754 1485 4824 ἑαυτῶνο
1588 4843 1600 4864 .

309 4879 470 4966 ζητῶσιν,
496 4866 585 4949 οὐτοι
609 4880 736 4973 ἐρῶσιν·
765 4873 781 4949 ό
798 4875 826 4948 δ’
846 4874 923 4970 ἐμὸς
941 4873 1039 4971 λόγος
1057 4874 1122 4949 οὐθ’
1140 4874 1275 4971 ἡμίσεός
1299 4904 1401 4980 φησιν
1420 4875 1462 4950 εί-
