<?xml version="1.0" encoding="UTF-8"?>
<!DOCTYPE html PUBLIC "-//W3C//DTD XHTML 1.0 Transitional//EN"
    "http://www.w3.org/TR/xhtml1/DTD/xhtml1-transitional.dtd">
<html xmlns="http://www.w3.org/1999/xhtml" xml:lang="en" lang="en">
 <head>
  <title>
</title>
<meta http-equiv="Content-Type" content="text/html;charset=utf-8" />
  <meta name='ocr-system' content='tesseract 3.04.00' />
  <meta name='ocr-capabilities' content='ocr_page ocr_carea ocr_par ocr_line ocrx_word'/>
</head>
<body>
  <div class='ocr_page' id='page_1' title='image "./platonisconvivi00platgoog_0102.png"; bbox 0 0 3850 5700; ppageno 0'>
   <div class='ocr_carea' id='block_1_1' title="bbox 341 767 1093 837">
    <p class='ocr_par' dir='ltr' id='par_1_1' title="bbox 341 767 1093 837">
     <span class='ocr_line' id='line_1_1' title="bbox 341 767 1093 837; baseline -0.005 -10"><span class='ocrx_word' id='word_1_1' title='bbox 341 817 346 827; x_wconf 95' lang='lat'>.</span> <span class='ocrx_word' id='word_1_2' title='bbox 410 770 454 837; x_wconf 70' lang='grc'>46</span> <span class='ocrx_word' id='word_1_3' title='bbox 885 767 1093 824; x_wconf 69' lang='lat' dir='ltr'>mmm</span> 
     </span>
    </p>
   </div>
   <div class='ocr_carea' id='block_1_2' title="bbox 409 865 1563 1007">
    <p class='ocr_par' dir='ltr' id='par_1_2' title="bbox 409 865 1563 1007">
     <span class='ocr_line' id='line_1_2' title="bbox 409 865 1563 1007; baseline 0.001 -24"><span class='ocrx_word' id='word_1_4' title='bbox 409 907 642 1004; x_wconf 74' lang='grc' dir='ltr'>Ἀλκιβιάδην,</span> <span class='ocrx_word' id='word_1_5' title='bbox 669 908 704 981; x_wconf 87' lang='grc' dir='ltr'>ίν’</span> <span class='ocrx_word' id='word_1_6' title='bbox 726 914 765 982; x_wconf 86' lang='grc' dir='ltr'>ἐκ</span> <span class='ocrx_word' id='word_1_7' title='bbox 781 912 896 1007; x_wconf 89' lang='grc' dir='ltr'>τρίτων</span> <span class='ocrx_word' id='word_1_8' title='bbox 918 917 1141 1003; x_wconf 83' lang='grc' dir='ltr'>κατακέηται</span> <span class='ocrx_word' id='word_1_9' title='bbox 1195 865 1292 985; x_wconf 77' lang='grc' dir='ltr'>Πάνυ</span> <span class='ocrx_word' id='word_1_10' title='bbox 1307 940 1364 1006; x_wconf 89' lang='grc' dir='ltr'>γε,</span> <span class='ocrx_word' id='word_1_11' title='bbox 1391 916 1491 985; x_wconf 79' lang='grc' dir='ltr'>εἰπεῖν</span> <span class='ocrx_word' id='word_1_12' title='bbox 1511 912 1563 986; x_wconf 80' lang='grc' dir='ltr'>τόν</span> 
     </span>
    </p>
   </div>
   <div class='ocr_carea' id='block_1_3' title="bbox 343 1034 1615 4966">
    <p class='ocr_par' dir='ltr' id='par_1_3' title="bbox 343 1034 1615 4966">
     <span class='ocr_line' id='line_1_3' title="bbox 408 1034 1582 1135; baseline 0.003 -26"><span class='ocrx_word' id='word_1_13' title='bbox 408 1036 638 1131; x_wconf 78' lang='grc' dir='ltr'>Ἀλκιβιάδην·</span> <span class='ocrx_word' id='word_1_14' title='bbox 666 1035 756 1132; x_wconf 82' lang='grc' dir='ltr'>άλλοὶ</span> <span class='ocrx_word' id='word_1_15' title='bbox 777 1041 828 1123; x_wconf 83' lang='grc' dir='ltr'>τίς</span> <span class='ocrx_word' id='word_1_16' title='bbox 847 1034 927 1131; x_wconf 78' lang='grc' dir='ltr'>ἡμῖν</span> <span class='ocrx_word' id='word_1_17' title='bbox 951 1036 1005 1111; x_wconf 81' lang='grc' dir='ltr'>ὅδε</span> <span class='ocrx_word' id='word_1_18' title='bbox 1024 1043 1131 1135; x_wconf 95' lang='grc' dir='ltr'>τρίτος</span> <span class='ocrx_word' id='word_1_19' title='bbox 1152 1037 1343 1133; x_wconf 69' lang='grc' dir='ltr'>ουμπότηςς</span> <span class='ocrx_word' id='word_1_20' title='bbox 1396 1041 1466 1113; x_wconf 86' lang='grc' dir='ltr'>Καὶ</span> <span class='ocrx_word' id='word_1_21' title='bbox 1492 1040 1582 1134; x_wconf 77' lang='grc' dir='ltr'>ἅμα,</span> 
     </span>
     <span class='ocr_line' id='line_1_4' title="bbox 412 1162 1581 1262; baseline 0.003 -25"><span class='ocrx_word' id='word_1_22' title='bbox 412 1162 712 1261; x_wconf 72' lang='grc' dir='ltr'>μεταστρεφόμενον</span> <span class='ocrx_word' id='word_1_23' title='bbox 738 1162 841 1238; x_wconf 83' lang='grc' dir='ltr'>αότόν</span> <span class='ocrx_word' id='word_1_24' title='bbox 868 1163 947 1261; x_wconf 80' lang='grc' dir='ltr'>ὀροῖν</span> <span class='ocrx_word' id='word_1_25' title='bbox 967 1164 1022 1238; x_wconf 83' lang='grc' dir='ltr'>τὸν</span> <span class='ocrx_word' id='word_1_26' title='bbox 1040 1164 1227 1262; x_wconf 76' lang='grc' dir='ltr'>Σωκράτη,</span> <span class='ocrx_word' id='word_1_27' title='bbox 1254 1165 1368 1240; x_wconf 80' lang='grc' dir='ltr'>ἰδόντα</span> <span class='ocrx_word' id='word_1_28' title='bbox 1383 1164 1413 1239; x_wconf 87' lang='grc' dir='ltr'>δ’</span> <span class='ocrx_word' id='word_1_29' title='bbox 1435 1164 1581 1259; x_wconf 84' lang='grc' dir='ltr'>άναπη-</span> 
     </span>
     <span class='ocr_line' id='line_1_5' title="bbox 410 1284 1559 1391; baseline 0.003 -27"><span class='ocrx_word' id='word_1_30' title='bbox 410 1299 513 1385; x_wconf 81' lang='grc' dir='ltr'>δῆσαι</span> <span class='ocrx_word' id='word_1_31' title='bbox 530 1295 591 1365; x_wconf 87' lang='grc' dir='ltr'>καὶ</span> <span class='ocrx_word' id='word_1_32' title='bbox 610 1296 726 1380; x_wconf 83' lang='grc' dir='ltr'>εἰπεῖν,</span> <span class='ocrx_word' id='word_1_33' title='bbox 755 1284 804 1364; x_wconf 69' lang='grc' dir='ltr'><strong>Ὠ</strong></span> <span class='ocrx_word' id='word_1_34' title='bbox 824 1289 1024 1387; x_wconf 79' lang='grc' dir='ltr'>Ἡράκλεις,</span> <span class='ocrx_word' id='word_1_35' title='bbox 1049 1295 1143 1367; x_wconf 89' lang='grc' dir='ltr'>τουτὶ</span> <span class='ocrx_word' id='word_1_36' title='bbox 1160 1297 1195 1366; x_wconf 89' lang='grc' dir='ltr'>τί</span> <span class='ocrx_word' id='word_1_37' title='bbox 1211 1287 1271 1388; x_wconf 78' lang='grc' dir='ltr'>ἧν;</span> <span class='ocrx_word' id='word_1_38' title='bbox 1305 1292 1495 1391; x_wconf 82' lang='grc' dir='ltr'>Σωκράτης</span> <span class='ocrx_word' id='word_1_39' title='bbox 1514 1286 1559 1368; x_wconf 84' lang='grc' dir='ltr'>οό-</span> 
     </span>
     <span class='ocr_line' id='line_1_6' title="bbox 410 1412 1615 1520; baseline -0.002 -26"><span class='ocrx_word' id='word_1_40' title='bbox 410 1448 476 1509; x_wconf 91' lang='grc' dir='ltr'>τος,</span> <span class='ocrx_word' id='word_1_41' title='bbox 503 1425 639 1514; x_wconf 85' lang='grc' dir='ltr'>ἐλλοχῶν</span> <span class='ocrx_word' id='word_1_42' title='bbox 659 1412 703 1493; x_wconf 76' lang='grc' dir='ltr'>αὖ</span> <span class='ocrx_word' id='word_1_43' title='bbox 721 1447 761 1514; x_wconf 83' lang='grc' dir='ltr'>με</span> <span class='ocrx_word' id='word_1_44' title='bbox 778 1424 921 1493; x_wconf 79' lang='grc' dir='ltr'>ἐνταῦθα</span> <span class='ocrx_word' id='word_1_45' title='bbox 939 1427 1124 1510; x_wconf 80' lang='grc' dir='ltr'>κατέκεισο,</span> <span class='ocrx_word' id='word_1_46' title='bbox 1151 1420 1258 1518; x_wconf 82' lang='grc' dir='ltr'>ῶσπερ</span> <span class='ocrx_word' id='word_1_47' title='bbox 1275 1419 1392 1507; x_wconf 85' lang='grc' dir='ltr'>είῶθεις</span> <span class='ocrx_word' id='word_1_48' title='bbox 1409 1424 1577 1520; x_wconf 78' lang='grc' dir='ltr'>ἐξαίφνης</span> <span class='ocrx_word' id='word_1_49' title='bbox 1594 1460 1615 1491; x_wconf 70' lang='lat'>&lt;2</span> 
     </span>
     <span class='ocr_line' id='line_1_7' title="bbox 410 1544 1576 1646; baseline 0.003 -25"><span class='ocrx_word' id='word_1_50' title='bbox 410 1544 651 1644; x_wconf 75' lang='grc' dir='ltr'>ἀναφαίνεσθαι</span> <span class='ocrx_word' id='word_1_51' title='bbox 674 1546 755 1621; x_wconf 81' lang='grc' dir='ltr'>ὅπου</span> <span class='ocrx_word' id='word_1_52' title='bbox 777 1546 840 1642; x_wconf 88' lang='grc' dir='ltr'>ἐγῶ</span> <span class='ocrx_word' id='word_1_53' title='bbox 859 1545 950 1646; x_wconf 71' lang='grc' dir='ltr'>ᾤμην</span> <span class='ocrx_word' id='word_1_54' title='bbox 975 1546 1101 1640; x_wconf 84' lang='grc' dir='ltr'>ἥκιστά</span> <span class='ocrx_word' id='word_1_55' title='bbox 1120 1576 1158 1621; x_wconf 89' lang='grc' dir='ltr'>σε</span> <span class='ocrx_word' id='word_1_56' title='bbox 1177 1554 1316 1621; x_wconf 80' lang='grc' dir='ltr'>ἔσεσθαι.</span> <span class='ocrx_word' id='word_1_57' title='bbox 1369 1551 1430 1622; x_wconf 92' lang='grc' dir='ltr'>καὶ</span> <span class='ocrx_word' id='word_1_58' title='bbox 1451 1558 1508 1622; x_wconf 85' lang='grc' dir='ltr'>νῶν</span> <span class='ocrx_word' id='word_1_59' title='bbox 1533 1555 1576 1625; x_wconf 81' lang='grc' dir='ltr'>τί</span> 
     </span>
     <span class='ocr_line' id='line_1_8' title="bbox 409 1668 1573 1776; baseline 0.002 -28"><span class='ocrx_word' id='word_1_60' title='bbox 409 1675 520 1766; x_wconf 76' lang='grc' dir='ltr'>ἥκειςς</span> <span class='ocrx_word' id='word_1_61' title='bbox 547 1678 608 1747; x_wconf 82' lang='grc' dir='ltr'>καί</span> <span class='ocrx_word' id='word_1_62' title='bbox 622 1678 657 1747; x_wconf 89' lang='grc' dir='ltr'>τί</span> <span class='ocrx_word' id='word_1_63' title='bbox 678 1668 723 1748; x_wconf 78' lang='grc' dir='ltr'>αὖ</span> <span class='ocrx_word' id='word_1_64' title='bbox 744 1679 886 1747; x_wconf 79' lang='grc' dir='ltr'>ἐνταῦθα</span> <span class='ocrx_word' id='word_1_65' title='bbox 904 1677 1120 1769; x_wconf 78' lang='grc' dir='ltr'>κατεκλίνηςς</span> <span class='ocrx_word' id='word_1_66' title='bbox 1148 1673 1192 1762; x_wconf 87' lang='grc' dir='ltr'>ῶς</span> <span class='ocrx_word' id='word_1_67' title='bbox 1210 1673 1247 1749; x_wconf 80' lang='grc' dir='ltr'>οό</span> <span class='ocrx_word' id='word_1_68' title='bbox 1273 1673 1348 1773; x_wconf 81' lang='grc' dir='ltr'>παρ’</span> <span class='ocrx_word' id='word_1_69' title='bbox 1365 1672 1573 1776; x_wconf 48' lang='grc' dir='ltr'>Ἀριστοφάχ</span> 
     </span>
     <span class='ocr_line' id='line_1_9' title="bbox 408 1801 1563 1897; baseline 0.003 -22"><span class='ocrx_word' id='word_1_70' title='bbox 408 1831 455 1877; x_wconf 87' lang='grc' dir='ltr'>νει</span> <span class='ocrx_word' id='word_1_71' title='bbox 470 1801 534 1876; x_wconf 78' lang='grc' dir='ltr'>οὐδ’</span> <span class='ocrx_word' id='word_1_72' title='bbox 555 1807 584 1874; x_wconf 86' lang='grc' dir='ltr'>εί</span> <span class='ocrx_word' id='word_1_73' title='bbox 601 1830 651 1888; x_wconf 86' lang='grc' dir='ltr'>τις</span> <span class='ocrx_word' id='word_1_74' title='bbox 671 1801 771 1888; x_wconf 85' lang='grc' dir='ltr'>σίλλος</span> <span class='ocrx_word' id='word_1_75' title='bbox 789 1807 912 1897; x_wconf 84' lang='grc' dir='ltr'>γελοῖος</span> <span class='ocrx_word' id='word_1_76' title='bbox 932 1806 1003 1875; x_wconf 80' lang='grc' dir='ltr'>ἐστι</span> <span class='ocrx_word' id='word_1_77' title='bbox 1025 1830 1062 1876; x_wconf 92' lang='grc' dir='ltr'>τε</span> <span class='ocrx_word' id='word_1_78' title='bbox 1088 1806 1149 1876; x_wconf 89' lang='grc' dir='ltr'>καὶ</span> <span class='ocrx_word' id='word_1_79' title='bbox 1169 1801 1321 1896; x_wconf 78' lang='grc' dir='ltr'>βούλεται</span> <span class='ocrx_word' id='word_1_80' title='bbox 1348 1802 1449 1894; x_wconf 76' lang='grc' dir='ltr'>εἶναι,</span> <span class='ocrx_word' id='word_1_81' title='bbox 1477 1803 1563 1878; x_wconf 87' lang='grc' dir='ltr'>α’λλά</span> 
     </span>
     <span class='ocr_line' id='line_1_10' title="bbox 408 1928 1559 2030; baseline 0 -25"><span class='ocrx_word' id='word_1_82' title='bbox 408 1928 659 2025; x_wconf 76' lang='grc' dir='ltr'>διεμηχανήσω,</span> <span class='ocrx_word' id='word_1_83' title='bbox 684 1928 772 2015; x_wconf 81' lang='grc' dir='ltr'>’όπως</span> <span class='ocrx_word' id='word_1_84' title='bbox 790 1928 884 2025; x_wconf 89' lang='grc' dir='ltr'>παροὶ</span> <span class='ocrx_word' id='word_1_85' title='bbox 902 1934 949 2030; x_wconf 75' lang='grc' dir='ltr'>τῷ</span> <span class='ocrx_word' id='word_1_86' title='bbox 968 1932 1138 2030; x_wconf 79' lang='grc' dir='ltr'>καλλίστῳ</span> <span class='ocrx_word' id='word_1_87' title='bbox 1156 1938 1222 2003; x_wconf 92' lang='grc' dir='ltr'>τῶν</span> <span class='ocrx_word' id='word_1_88' title='bbox 1246 1936 1334 2004; x_wconf 80' lang='grc' dir='ltr'>ἔνδον</span> <span class='ocrx_word' id='word_1_89' title='bbox 1359 1936 1559 2005; x_wconf 80' lang='grc' dir='ltr'>κατακείσει</span> 
     </span>
     <span class='ocr_line' id='line_1_11' title="bbox 410 2050 1558 2155; baseline 0.002 -24"><span class='ocrx_word' id='word_1_90' title='bbox 410 2060 480 2132; x_wconf 82' lang='grc' dir='ltr'>Καὶ</span> <span class='ocrx_word' id='word_1_91' title='bbox 494 2057 550 2131; x_wconf 85' lang='grc' dir='ltr'>τὸν</span> <span class='ocrx_word' id='word_1_92' title='bbox 565 2055 750 2154; x_wconf 79' lang='grc' dir='ltr'>Σωκράτη,</span> <span class='ocrx_word' id='word_1_93' title='bbox 771 2050 821 2129; x_wconf 72' lang='grc' dir='ltr'>Ὠ</span> <span class='ocrx_word' id='word_1_94' title='bbox 834 2055 1003 2152; x_wconf 85' lang='grc' dir='ltr'>Ἀγάθων,</span> <span class='ocrx_word' id='word_1_95' title='bbox 1028 2054 1150 2153; x_wconf 87' lang='grc' dir='ltr'>φάναι,</span> <span class='ocrx_word' id='word_1_96' title='bbox 1175 2057 1281 2155; x_wconf 84' lang='grc' dir='ltr'>όραεί</span> <span class='ocrx_word' id='word_1_97' title='bbox 1298 2086 1352 2152; x_wconf 90' lang='grc' dir='ltr'>μοι</span> <span class='ocrx_word' id='word_1_98' title='bbox 1368 2064 1558 2155; x_wconf 81' lang='grc' dir='ltr'>έποιμυνείς·</span> 
     </span>
     <span class='ocr_line' id='line_1_12' title="bbox 410 2182 1560 2285; baseline 0.002 -26"><span class='ocrx_word' id='word_1_99' title='bbox 410 2183 453 2272; x_wconf 86' lang='grc' dir='ltr'>ῶς</span> <span class='ocrx_word' id='word_1_100' title='bbox 472 2187 543 2279; x_wconf 85' lang='grc' dir='ltr'>ἐμοὶ</span> <span class='ocrx_word' id='word_1_101' title='bbox 567 2182 583 2257; x_wconf 88' lang='grc' dir='ltr'>ὁ</span> <span class='ocrx_word' id='word_1_102' title='bbox 609 2182 728 2259; x_wconf 78' lang='grc' dir='ltr'>τούτου</span> <span class='ocrx_word' id='word_1_103' title='bbox 753 2190 831 2281; x_wconf 84' lang='grc' dir='ltr'>ἐρως</span> <span class='ocrx_word' id='word_1_104' title='bbox 849 2192 909 2258; x_wconf 80' lang='grc' dir='ltr'>τοῦ</span> <span class='ocrx_word' id='word_1_105' title='bbox 926 2182 1093 2285; x_wconf 80' lang='grc' dir='ltr'>άνθρῶπου</span> <span class='ocrx_word' id='word_1_106' title='bbox 1111 2183 1148 2280; x_wconf 82' lang='grc' dir='ltr'>ρό</span> <span class='ocrx_word' id='word_1_107' title='bbox 1167 2191 1294 2281; x_wconf 81' lang='grc' dir='ltr'>φιιῶλον</span> <span class='ocrx_word' id='word_1_108' title='bbox 1311 2194 1455 2284; x_wconf 82' lang='grc' dir='ltr'>πρᾶγμα</span> <span class='ocrx_word' id='word_1_109' title='bbox 1475 2193 1560 2282; x_wconf 83' lang='grc' dir='ltr'>γέγο</span> 
     </span>
     <span class='ocr_line' id='line_1_13' title="bbox 409 2291 1558 2410; baseline 0.001 -23"><span class='ocrx_word' id='word_1_110' title='bbox 409 2342 470 2387; x_wconf 89' lang='grc' dir='ltr'>νεν.</span> <span class='ocrx_word' id='word_1_111' title='bbox 496 2310 553 2386; x_wconf 84' lang='grc' dir='ltr'>ἀπ’</span> <span class='ocrx_word' id='word_1_112' title='bbox 572 2314 693 2386; x_wconf 82' lang='grc' dir='ltr'>ἐκείνου</span> <span class='ocrx_word' id='word_1_113' title='bbox 710 2310 775 2409; x_wconf 82' lang='grc' dir='ltr'>γάρ</span> <span class='ocrx_word' id='word_1_114' title='bbox 793 2319 851 2385; x_wconf 75' lang='grc' dir='ltr'>τοῦ</span> <span class='ocrx_word' id='word_1_115' title='bbox 868 2309 992 2409; x_wconf 87' lang='grc' dir='ltr'>χρόνου,</span> <span class='ocrx_word' id='word_1_116' title='bbox 1002 2291 1071 2407; x_wconf 66' lang='grc' dir='ltr'>’άφ</span> <span class='ocrx_word' id='word_1_117' title='bbox 1088 2304 1125 2385; x_wconf 73' lang='grc' dir='ltr'>οὗ</span> <span class='ocrx_word' id='word_1_118' title='bbox 1143 2310 1261 2387; x_wconf 75' lang='grc' dir='ltr'>τούτου</span> <span class='ocrx_word' id='word_1_119' title='bbox 1276 2310 1439 2410; x_wconf 74' lang='grc' dir='ltr'>ἠράσθην,</span> <span class='ocrx_word' id='word_1_120' title='bbox 1457 2312 1558 2388; x_wconf 69' lang='grc' dir='ltr'>οὐκέτ’</span> 
     </span>
     <span class='ocr_line' id='line_1_14' title="bbox 410 2416 1581 2541; baseline -0.003 -27"><span class='ocrx_word' id='word_1_121' title='bbox 410 2416 517 2529; x_wconf 72' lang='grc' dir='ltr'>ἔξεστί</span> <span class='ocrx_word' id='word_1_122' title='bbox 535 2467 589 2533; x_wconf 92' lang='grc' dir='ltr'>μοι</span> <span class='ocrx_word' id='word_1_123' title='bbox 615 2438 692 2513; x_wconf 84' lang='grc' dir='ltr'>οότε</span> <span class='ocrx_word' id='word_1_124' title='bbox 717 2444 921 2538; x_wconf 80' lang='grc' dir='ltr'>προσβλέψαι</span> <span class='ocrx_word' id='word_1_125' title='bbox 943 2438 1019 2514; x_wconf 83' lang='grc' dir='ltr'>οότε</span> <span class='ocrx_word' id='word_1_126' title='bbox 1040 2445 1251 2536; x_wconf 77' lang='grc' dir='ltr'>διαλεχθῆναι</span> <span class='ocrx_word' id='word_1_127' title='bbox 1276 2448 1369 2541; x_wconf 79' lang='grc' dir='ltr'>καλῶ</span> <span class='ocrx_word' id='word_1_128' title='bbox 1392 2440 1516 2531; x_wconf 84' lang='grc' dir='ltr'>οόδενί,</span> <span class='ocrx_word' id='word_1_129' title='bbox 1541 2441 1581 2536; x_wconf 74' lang='grc' dir='ltr'>ἧι</span> 
     </span>
     <span class='ocr_line' id='line_1_15' title="bbox 410 2565 1563 2666; baseline 0 -24"><span class='ocrx_word' id='word_1_130' title='bbox 410 2566 521 2642; x_wconf 77' lang='grc' dir='ltr'>οὑτοσὶ</span> <span class='ocrx_word' id='word_1_131' title='bbox 540 2573 729 2659; x_wconf 82' lang='grc' dir='ltr'>ζηλοτυπῶν</span> <span class='ocrx_word' id='word_1_132' title='bbox 748 2595 788 2660; x_wconf 81' lang='grc' dir='ltr'>με</span> <span class='ocrx_word' id='word_1_133' title='bbox 806 2570 866 2640; x_wconf 86' lang='grc' dir='ltr'>καὶ</span> <span class='ocrx_word' id='word_1_134' title='bbox 890 2572 1011 2661; x_wconf 90' lang='grc' dir='ltr'>φθονῶν</span> <span class='ocrx_word' id='word_1_135' title='bbox 1029 2565 1210 2661; x_wconf 87' lang='grc' dir='ltr'>θαυμαστοὶ</span> <span class='ocrx_word' id='word_1_136' title='bbox 1228 2567 1402 2666; x_wconf 68' lang='grc' dir='ltr'>ἐργάζεται</span> <span class='ocrx_word' id='word_1_137' title='bbox 1424 2572 1487 2642; x_wconf 86' lang='grc' dir='ltr'>καὶ</span> <span class='ocrx_word' id='word_1_138' title='bbox 1503 2576 1563 2643; x_wconf 87' lang='grc' dir='ltr'>λοι-</span> 
     </span>
     <span class='ocr_line' id='line_1_16' title="bbox 408 2690 1565 2793; baseline 0 -23"><span class='ocrx_word' id='word_1_139' title='bbox 408 2699 553 2793; x_wconf 83' lang='grc' dir='ltr'>δορείταί</span> <span class='ocrx_word' id='word_1_140' title='bbox 568 2723 605 2767; x_wconf 87' lang='grc' dir='ltr'>τε</span> <span class='ocrx_word' id='word_1_141' title='bbox 626 2696 687 2767; x_wconf 85' lang='grc' dir='ltr'>καὶ</span> <span class='ocrx_word' id='word_1_142' title='bbox 704 2693 750 2766; x_wconf 88' lang='grc' dir='ltr'>τῶ</span> <span class='ocrx_word' id='word_1_143' title='bbox 768 2703 851 2790; x_wconf 79' lang='grc' dir='ltr'>χεῖρε</span> <span class='ocrx_word' id='word_1_144' title='bbox 871 2693 963 2789; x_wconf 87' lang='grc' dir='ltr'>μόγις</span> <span class='ocrx_word' id='word_1_145' title='bbox 980 2693 1166 2789; x_wconf 83' lang='grc' dir='ltr'>άπέχεται.’</span> <span class='ocrx_word' id='word_1_146' title='bbox 1200 2695 1264 2792; x_wconf 83' lang='grc' dir='ltr'>όρα</span> <span class='ocrx_word' id='word_1_147' title='bbox 1281 2690 1355 2787; x_wconf 78' lang='grc' dir='ltr'>οὖν,</span> <span class='ocrx_word' id='word_1_148' title='bbox 1381 2694 1431 2790; x_wconf 83' lang='grc' dir='ltr'>μη’</span> <span class='ocrx_word' id='word_1_149' title='bbox 1449 2725 1484 2770; x_wconf 88' lang='grc' dir='ltr'>τι</span> <span class='ocrx_word' id='word_1_150' title='bbox 1506 2701 1565 2770; x_wconf 85' lang='grc' dir='ltr'>καὶ</span> 
     </span>
     <span class='ocr_line' id='line_1_17' title="bbox 409 2805 1564 2922; baseline 0.003 -26"><span class='ocrx_word' id='word_1_151' title='bbox 409 2830 464 2897; x_wconf 83' lang='grc' dir='ltr'>νῶν</span> <span class='ocrx_word' id='word_1_152' title='bbox 486 2805 687 2920; x_wconf 87' lang='grc' dir='ltr'>ἐργάσηται,</span> <span class='ocrx_word' id='word_1_153' title='bbox 714 2818 806 2897; x_wconf 86' lang='grc' dir='ltr'>άλλοὶ</span> <span class='ocrx_word' id='word_1_154' title='bbox 831 2820 1008 2910; x_wconf 74' lang='grc' dir='ltr'>διάλλάξον</span> <span class='ocrx_word' id='word_1_155' title='bbox 1034 2820 1143 2917; x_wconf 75' lang='grc' dir='ltr'>ἡμᾶς,</span> <span class='ocrx_word' id='word_1_156' title='bbox 1170 2822 1213 2917; x_wconf 78' lang='grc' dir='ltr'>ἥ,</span> <span class='ocrx_word' id='word_1_157' title='bbox 1239 2823 1296 2897; x_wconf 87' lang='grc' dir='ltr'>ἐάν</span> <span class='ocrx_word' id='word_1_158' title='bbox 1320 2829 1466 2922; x_wconf 75' lang='grc' dir='ltr'>ἐπιχειρῇ</span> <span class='ocrx_word' id='word_1_159' title='bbox 1496 2823 1564 2920; x_wconf 87' lang='grc' dir='ltr'>βιά-</span> 
     </span>
     <span class='ocr_line' id='line_1_18' title="bbox 410 2949 1565 3050; baseline 0.001 -24"><span class='ocrx_word' id='word_1_160' title='bbox 410 2957 529 3041; x_wconf 82' lang='grc' dir='ltr'>ζεσθαι,</span> <span class='ocrx_word' id='word_1_161' title='bbox 555 2950 712 3045; x_wconf 84' lang='grc' dir='ltr'>ἐπάμυνε,</span> <span class='ocrx_word' id='word_1_162' title='bbox 732 2949 775 3038; x_wconf 87' lang='grc' dir='ltr'>ῶς</span> <span class='ocrx_word' id='word_1_163' title='bbox 790 2949 853 3044; x_wconf 84' lang='grc' dir='ltr'>ἐγῶ</span> <span class='ocrx_word' id='word_1_164' title='bbox 871 2949 932 3043; x_wconf 76' lang='grc' dir='ltr'>τήν</span> <span class='ocrx_word' id='word_1_165' title='bbox 949 2949 1067 3025; x_wconf 86' lang='grc' dir='ltr'>τοότου</span> <span class='ocrx_word' id='word_1_166' title='bbox 1083 2955 1203 3043; x_wconf 88' lang='grc' dir='ltr'>μανίαν</span> <span class='ocrx_word' id='word_1_167' title='bbox 1220 2979 1256 3025; x_wconf 88' lang='grc' dir='ltr'>τε</span> <span class='ocrx_word' id='word_1_168' title='bbox 1273 2955 1334 3025; x_wconf 86' lang='grc' dir='ltr'>καὶ</span> <span class='ocrx_word' id='word_1_169' title='bbox 1348 2957 1565 3050; x_wconf 83' lang='grc' dir='ltr'>φιλεφαστίαν</span> 
     </span>
     <span class='ocr_line' id='line_1_19' title="bbox 409 3076 1568 3177; baseline 0.001 -24"><span class='ocrx_word' id='word_1_170' title='bbox 409 3079 497 3154; x_wconf 89' lang='grc' dir='ltr'>πάνυ</span> <span class='ocrx_word' id='word_1_171' title='bbox 523 3079 659 3177; x_wconf 83' lang='grc' dir='ltr'>ὀρρωδῶ.</span> <span class='ocrx_word' id='word_1_172' title='bbox 709 3077 799 3152; x_wconf 83' lang='grc' dir='ltr'>Ἀλλ’</span> <span class='ocrx_word' id='word_1_173' title='bbox 822 3076 885 3152; x_wconf 82' lang='grc' dir='ltr'>οόκ</span> <span class='ocrx_word' id='word_1_174' title='bbox 913 3083 1000 3168; x_wconf 81' lang='grc' dir='ltr'>ἔστι,</span> <span class='ocrx_word' id='word_1_175' title='bbox 1027 3076 1134 3174; x_wconf 87' lang='grc' dir='ltr'>φάναι</span> <span class='ocrx_word' id='word_1_176' title='bbox 1155 3078 1212 3153; x_wconf 85' lang='grc' dir='ltr'>τόν</span> <span class='ocrx_word' id='word_1_177' title='bbox 1236 3077 1469 3172; x_wconf 84' lang='grc' dir='ltr'>Ἀλκιβιάδην,</span> <span class='ocrx_word' id='word_1_178' title='bbox 1496 3084 1568 3175; x_wconf 83' lang='grc' dir='ltr'>ἐμοὶ</span> 
     </span>
     <span class='ocr_line' id='line_1_20' title="bbox 409 3204 1565 3304; baseline 0 -22"><span class='ocrx_word' id='word_1_179' title='bbox 409 3211 469 3282; x_wconf 84' lang='grc' dir='ltr'>καὶ</span> <span class='ocrx_word' id='word_1_180' title='bbox 486 3212 537 3281; x_wconf 90' lang='grc' dir='ltr'>σοὶ</span> <span class='ocrx_word' id='word_1_181' title='bbox 553 3205 729 3301; x_wconf 84' lang='grc' dir='ltr'>διαλλαγή.</span> <span class='ocrx_word' id='word_1_182' title='bbox 775 3205 866 3280; x_wconf 86' lang='grc' dir='ltr'>άλλοὶ</span> <span class='ocrx_word' id='word_1_183' title='bbox 884 3204 1008 3279; x_wconf 76' lang='grc' dir='ltr'>τούτων</span> <span class='ocrx_word' id='word_1_184' title='bbox 1027 3209 1083 3300; x_wconf 85' lang='grc' dir='ltr'>μὲν</span> <span class='ocrx_word' id='word_1_185' title='bbox 1102 3210 1247 3293; x_wconf 81' lang='grc' dir='ltr'>είσαῶθίς</span> <span class='ocrx_word' id='word_1_186' title='bbox 1265 3235 1302 3279; x_wconf 84' lang='grc' dir='ltr'>σε</span> <span class='ocrx_word' id='word_1_187' title='bbox 1318 3204 1565 3304; x_wconf 63' lang='grc' dir='ltr'>τιμωρήσομαι*</span> 
     </span>
     <span class='ocr_line' id='line_1_21' title="bbox 409 3313 1587 3431; baseline 0.003 -23"><span class='ocrx_word' id='word_1_188' title='bbox 409 3344 464 3408; x_wconf 75' lang='grc' dir='ltr'>νῦν</span> <span class='ocrx_word' id='word_1_189' title='bbox 491 3343 528 3408; x_wconf 86' lang='grc' dir='ltr'>δέ</span> <span class='ocrx_word' id='word_1_190' title='bbox 553 3363 625 3429; x_wconf 83' lang='grc' dir='ltr'>μοι,</span> <span class='ocrx_word' id='word_1_191' title='bbox 647 3313 814 3431; x_wconf 81' lang='grc' dir='ltr'>Ἀγάθων,</span> <span class='ocrx_word' id='word_1_192' title='bbox 841 3332 965 3429; x_wconf 89' lang='grc' dir='ltr'>φάναι,</span> <span class='ocrx_word' id='word_1_193' title='bbox 991 3333 1132 3427; x_wconf 86' lang='grc' dir='ltr'>μετάδος</span> <span class='ocrx_word' id='word_1_194' title='bbox 1154 3341 1218 3408; x_wconf 84' lang='grc' dir='ltr'>τῶν</span> <span class='ocrx_word' id='word_1_195' title='bbox 1245 3341 1390 3425; x_wconf 89' lang='grc' dir='ltr'>ταινιῶν,</span> <span class='ocrx_word' id='word_1_196' title='bbox 1418 3332 1454 3409; x_wconf 66' lang='grc' dir='ltr'>ἵν’</span> <span class='ocrx_word' id='word_1_197' title='bbox 1482 3332 1587 3411; x_wconf 52' lang='grc' dir='ltr'>άνσπθ</span> 
     </span>
     <span class='ocr_line' id='line_1_22' title="bbox 409 3459 1569 3558; baseline 0.002 -22"><span class='ocrx_word' id='word_1_198' title='bbox 409 3461 500 3556; x_wconf 81' lang='grc' dir='ltr'>δήσω</span> <span class='ocrx_word' id='word_1_199' title='bbox 520 3465 580 3536; x_wconf 89' lang='grc' dir='ltr'>καὶ</span> <span class='ocrx_word' id='word_1_200' title='bbox 603 3461 663 3555; x_wconf 84' lang='grc' dir='ltr'>τὴν</span> <span class='ocrx_word' id='word_1_201' title='bbox 688 3459 807 3536; x_wconf 87' lang='grc' dir='ltr'>τοότου</span> <span class='ocrx_word' id='word_1_202' title='bbox 834 3463 976 3553; x_wconf 89' lang='grc' dir='ltr'>ταυτηνὶ</span> <span class='ocrx_word' id='word_1_203' title='bbox 998 3460 1058 3555; x_wconf 77' lang='grc' dir='ltr'>τὴν</span> <span class='ocrx_word' id='word_1_204' title='bbox 1085 3461 1281 3555; x_wconf 75' lang='grc' dir='ltr'>θαυμαστὴν</span> <span class='ocrx_word' id='word_1_205' title='bbox 1308 3460 1479 3558; x_wconf 77' lang='grc' dir='ltr'>κεφαλήν,</span> <span class='ocrx_word' id='word_1_206' title='bbox 1507 3467 1569 3538; x_wconf 87' lang='grc' dir='ltr'>καὶ</span> 
     </span>
     <span class='ocr_line' id='line_1_23' title="bbox 410 3585 1567 3688; baseline 0 -25"><span class='ocrx_word' id='word_1_207' title='bbox 410 3589 456 3685; x_wconf 79' lang='grc' dir='ltr'>μή</span> <span class='ocrx_word' id='word_1_208' title='bbox 474 3619 531 3685; x_wconf 91' lang='grc' dir='ltr'>μοι</span> <span class='ocrx_word' id='word_1_209' title='bbox 556 3597 747 3688; x_wconf 79' lang='grc' dir='ltr'>μέμφηται,</span> <span class='ocrx_word' id='word_1_210' title='bbox 773 3589 826 3663; x_wconf 85' lang='grc' dir='ltr'>ότι</span> <span class='ocrx_word' id='word_1_211' title='bbox 842 3592 880 3662; x_wconf 84' lang='grc' dir='ltr'>σὲ</span> <span class='ocrx_word' id='word_1_212' title='bbox 899 3591 954 3682; x_wconf 86' lang='grc' dir='ltr'>μὲν</span> <span class='ocrx_word' id='word_1_213' title='bbox 983 3587 1149 3681; x_wconf 83' lang='grc' dir='ltr'>άνέδησα,</span> <span class='ocrx_word' id='word_1_214' title='bbox 1177 3585 1278 3664; x_wconf 82' lang='grc' dir='ltr'>αότὸν</span> <span class='ocrx_word' id='word_1_215' title='bbox 1302 3591 1339 3663; x_wconf 84' lang='grc' dir='ltr'>δέ</span> <span class='ocrx_word' id='word_1_216' title='bbox 1360 3593 1509 3665; x_wconf 89' lang='grc' dir='ltr'>νικῶντα</span> <span class='ocrx_word' id='word_1_217' title='bbox 1535 3598 1567 3665; x_wconf 85' lang='grc' dir='ltr'>έν</span> 
     </span>
     <span class='ocr_line' id='line_1_24' title="bbox 343 3709 1566 3814; baseline 0.002 -21"><span class='ocrx_word' id='word_1_218' title='bbox 343 3709 346 3714; x_wconf 52' lang='grc'><strong>’</strong></span> <span class='ocrx_word' id='word_1_219' title='bbox 409 3716 517 3812; x_wconf 85' lang='grc' dir='ltr'>λόγοις</span> <span class='ocrx_word' id='word_1_220' title='bbox 542 3716 672 3803; x_wconf 88' lang='grc' dir='ltr'>πάντας</span> <span class='ocrx_word' id='word_1_221' title='bbox 698 3714 904 3814; x_wconf 84' lang='grc' dir='ltr'>άνθρόπους,</span> <span class='ocrx_word' id='word_1_222' title='bbox 942 3714 979 3790; x_wconf 82' lang='grc' dir='ltr'>οό</span> <span class='ocrx_word' id='word_1_223' title='bbox 1006 3715 1099 3810; x_wconf 88' lang='grc' dir='ltr'>μόνον</span> <span class='ocrx_word' id='word_1_224' title='bbox 1127 3715 1237 3814; x_wconf 78' lang='grc' dir='ltr'>πρῴην</span> <span class='ocrx_word' id='word_1_225' title='bbox 1264 3716 1371 3813; x_wconf 85' lang='grc' dir='ltr'>ῶσπερ</span> <span class='ocrx_word' id='word_1_226' title='bbox 1398 3715 1460 3809; x_wconf 79' lang='grc' dir='ltr'>σθ,</span> <span class='ocrx_word' id='word_1_227' title='bbox 1490 3717 1566 3797; x_wconf 76' lang='grc' dir='ltr'>ἀλλ’</span> 
     </span>
     <span class='ocr_line' id='line_1_25' title="bbox 410 3841 1569 3938; baseline -0.002 -16"><span class='ocrx_word' id='word_1_228' title='bbox 410 3844 474 3936; x_wconf 65' lang='lat' dir='ltr'>dei,</span> <span class='ocrx_word' id='word_1_229' title='bbox 489 3844 597 3919; x_wconf 44' lang='grc' dir='ltr'>,ἔπειτ’</span> <span class='ocrx_word' id='word_1_230' title='bbox 619 3843 681 3918; x_wconf 81' lang='grc' dir='ltr'>οῶκ</span> <span class='ocrx_word' id='word_1_231' title='bbox 698 3843 855 3938; x_wconf 87' lang='grc' dir='ltr'>άνέδησα</span> <span class='ocrx_word' id='word_1_232' title='bbox 897 3846 965 3916; x_wconf 82' lang='grc' dir='ltr'>Καὶ</span> <span class='ocrx_word' id='word_1_233' title='bbox 982 3841 1039 3936; x_wconf 82' lang='grc' dir='ltr'>ἅμ’</span> <span class='ocrx_word' id='word_1_234' title='bbox 1061 3842 1163 3917; x_wconf 70' lang='grc' dir='ltr'>αὐτόν</span> <span class='ocrx_word' id='word_1_235' title='bbox 1181 3842 1330 3938; x_wconf 88' lang='grc' dir='ltr'>λαβόντα</span> <span class='ocrx_word' id='word_1_236' title='bbox 1347 3851 1411 3918; x_wconf 90' lang='grc' dir='ltr'>τῶν</span> <span class='ocrx_word' id='word_1_237' title='bbox 1431 3852 1569 3923; x_wconf 83' lang='grc' dir='ltr'>ταινιῶν</span> 
     </span>
     <span class='ocr_line' id='line_1_26' title="bbox 386 3972 1551 4070; baseline 0.001 -25"><span class='ocrx_word' id='word_1_238' title='bbox 386 4040 388 4045; x_wconf 87' lang='grc'><em>.</em></span> <span class='ocrx_word' id='word_1_239' title='bbox 410 3973 542 4049; x_wconf 80' lang='grc' dir='ltr'>άναδείν</span> <span class='ocrx_word' id='word_1_240' title='bbox 568 3972 623 4047; x_wconf 88' lang='grc' dir='ltr'>τὸν</span> <span class='ocrx_word' id='word_1_241' title='bbox 649 3972 816 4070; x_wconf 90' lang='grc' dir='ltr'>Σωκράτη</span> <span class='ocrx_word' id='word_1_242' title='bbox 843 3975 904 4045; x_wconf 90' lang='grc' dir='ltr'>καὶ</span> <span class='ocrx_word' id='word_1_243' title='bbox 929 3975 1196 4047; x_wconf 82' lang='grc' dir='ltr'>κατακλίνεσθαι.</span> <span class='ocrx_word' id='word_1_244' title='bbox 1444 4019 1448 4023; x_wconf 91' lang='grc'><strong>-</strong></span> <span class='ocrx_word' id='word_1_245' title='bbox 1546 4018 1551 4057; x_wconf 88' lang='lat'>:</span> 
     </span>
     <span class='ocr_line' id='line_1_27' title="bbox 486 4097 1570 4200; baseline 0 -25"><span class='ocrx_word' id='word_1_246' title='bbox 486 4105 610 4175; x_wconf 83' lang='lat' dir='ltr'>XXXI.</span> <span class='ocrx_word' id='word_1_247' title='bbox 660 4099 799 4194; x_wconf 75' lang='grc' dir='ltr'>Ἐπειδὴ</span> <span class='ocrx_word' id='word_1_248' title='bbox 821 4103 859 4173; x_wconf 88' lang='grc' dir='ltr'>δὲ</span> <span class='ocrx_word' id='word_1_249' title='bbox 880 4103 1078 4192; x_wconf 87' lang='grc' dir='ltr'>κατεκλίνη,</span> <span class='ocrx_word' id='word_1_250' title='bbox 1105 4103 1223 4191; x_wconf 78' lang='grc' dir='ltr'>εἰπεῖν,</span> <span class='ocrx_word' id='word_1_251' title='bbox 1249 4097 1323 4173; x_wconf 78' lang='grc' dir='ltr'>Εἶεν</span> <span class='ocrx_word' id='word_1_252' title='bbox 1341 4098 1404 4192; x_wconf 78' lang='grc' dir='ltr'>δη,</span> <span class='ocrx_word' id='word_1_253' title='bbox 1431 4099 1570 4200; x_wconf 80' lang='grc' dir='ltr'>ἄνδρες·</span> 
     </span>
     <span class='ocr_line' id='line_1_28' title="bbox 408 4206 1569 4325; baseline 0.001 -20"><span class='ocrx_word' id='word_1_254' title='bbox 408 4238 534 4305; x_wconf 86' lang='grc' dir='ltr'>δοκεῖτε</span> <span class='ocrx_word' id='word_1_255' title='bbox 558 4227 622 4325; x_wconf 91' lang='grc' dir='ltr'>γάρ</span> <span class='ocrx_word' id='word_1_256' title='bbox 643 4256 697 4322; x_wconf 84' lang='grc' dir='ltr'>μοι</span> <span class='ocrx_word' id='word_1_257' title='bbox 715 4226 845 4325; x_wconf 74' lang='grc' dir='ltr'>νήφειν·</span> <span class='ocrx_word' id='word_1_258' title='bbox 872 4225 934 4301; x_wconf 86' lang='grc' dir='ltr'>οόκ</span> <span class='ocrx_word' id='word_1_259' title='bbox 958 4206 1165 4324; x_wconf 82' lang='grc' dir='ltr'>ἐπιτρεπτέον</span> <span class='ocrx_word' id='word_1_260' title='bbox 1192 4225 1286 4323; x_wconf 80' lang='grc' dir='ltr'>ὑμῖν,</span> <span class='ocrx_word' id='word_1_261' title='bbox 1312 4224 1407 4301; x_wconf 88' lang='grc' dir='ltr'>άλλοὶ</span> <span class='ocrx_word' id='word_1_262' title='bbox 1433 4238 1569 4306; x_wconf 85' lang='grc' dir='ltr'>ποτέον·</span> 
     </span>
     <span class='ocr_line' id='line_1_29' title="bbox 411 4348 1571 4453; baseline 0 -21"><span class='ocrx_word' id='word_1_263' title='bbox 411 4355 622 4452; x_wconf 85' lang='grc' dir='ltr'>ῶμολόγηται</span> <span class='ocrx_word' id='word_1_264' title='bbox 636 4355 701 4453; x_wconf 87' lang='grc' dir='ltr'>γάρ</span> <span class='ocrx_word' id='word_1_265' title='bbox 718 4353 810 4429; x_wconf 77' lang='grc' dir='ltr'>ταῦθ’</span> <span class='ocrx_word' id='word_1_266' title='bbox 831 4353 917 4449; x_wconf 82' lang='grc' dir='ltr'>ἡμῖν.</span> <span class='ocrx_word' id='word_1_267' title='bbox 952 4352 1080 4451; x_wconf 78' lang='grc' dir='ltr'>ἄρχοντ’</span> <span class='ocrx_word' id='word_1_268' title='bbox 1102 4348 1156 4429; x_wconf 79' lang='grc' dir='ltr'>οὖν</span> <span class='ocrx_word' id='word_1_269' title='bbox 1175 4359 1332 4452; x_wconf 78' lang='grc' dir='ltr'>αἱροῦμαι</span> <span class='ocrx_word' id='word_1_270' title='bbox 1346 4363 1410 4449; x_wconf 75' lang='grc' dir='ltr'>τῆς</span> <span class='ocrx_word' id='word_1_271' title='bbox 1427 4354 1571 4450; x_wconf 85' lang='grc' dir='ltr'>πόσεως,</span> 
     </span>
     <span class='ocr_line' id='line_1_30' title="bbox 410 4478 1572 4584; baseline 0.003 -24"><span class='ocrx_word' id='word_1_272' title='bbox 410 4490 469 4571; x_wconf 72' lang='grc' dir='ltr'>ἕως</span> <span class='ocrx_word' id='word_1_273' title='bbox 488 4482 529 4559; x_wconf 81' lang='grc' dir='ltr'>σίν</span> <span class='ocrx_word' id='word_1_274' title='bbox 557 4483 647 4579; x_wconf 76' lang='grc' dir='ltr'>ὑμεῖς</span> <span class='ocrx_word' id='word_1_275' title='bbox 671 4488 791 4569; x_wconf 82' lang='grc' dir='ltr'>ἱκανῶς</span> <span class='ocrx_word' id='word_1_276' title='bbox 809 4487 923 4577; x_wconf 90' lang='grc' dir='ltr'>πίητε,</span> <span class='ocrx_word' id='word_1_277' title='bbox 950 4479 1101 4577; x_wconf 81' lang='grc' dir='ltr'>ἐμαυτόν.</span> <span class='ocrx_word' id='word_1_278' title='bbox 1154 4479 1246 4557; x_wconf 85' lang='grc' dir='ltr'>άλλοὶ</span> <span class='ocrx_word' id='word_1_279' title='bbox 1267 4481 1386 4580; x_wconf 86' lang='grc' dir='ltr'>φέρετ’,</span> <span class='ocrx_word' id='word_1_280' title='bbox 1414 4478 1572 4584; x_wconf 85' lang='grc' dir='ltr'>ῶἈγά-</span> 
     </span>
     <span class='ocr_line' id='line_1_31' title="bbox 411 4607 1570 4712; baseline -0.002 -23"><span class='ocrx_word' id='word_1_281' title='bbox 411 4620 482 4704; x_wconf 85' lang='grc' dir='ltr'>θον,</span> <span class='ocrx_word' id='word_1_282' title='bbox 507 4616 536 4686; x_wconf 83' lang='grc' dir='ltr'>εί</span> <span class='ocrx_word' id='word_1_283' title='bbox 552 4640 585 4687; x_wconf 93' lang='grc' dir='ltr'>τι</span> <span class='ocrx_word' id='word_1_284' title='bbox 601 4617 687 4686; x_wconf 85' lang='grc' dir='ltr'>ἐστιν</span> <span class='ocrx_word' id='word_1_285' title='bbox 705 4618 846 4704; x_wconf 75' lang='grc' dir='ltr'>ἔκπωμα</span> <span class='ocrx_word' id='word_1_286' title='bbox 862 4617 958 4705; x_wconf 84' lang='grc' dir='ltr'>μέγα,</span> <span class='ocrx_word' id='word_1_287' title='bbox 987 4615 1110 4705; x_wconf 86' lang='grc' dir='ltr'>μάλλον</span> <span class='ocrx_word' id='word_1_288' title='bbox 1126 4607 1154 4683; x_wconf 86' lang='grc' dir='ltr'>δ’</span> <span class='ocrx_word' id='word_1_289' title='bbox 1173 4609 1263 4684; x_wconf 86' lang='grc' dir='ltr'>ου’δὲν</span> <span class='ocrx_word' id='word_1_290' title='bbox 1280 4618 1341 4701; x_wconf 79' lang='grc' dir='ltr'>δεῖ,</span> <span class='ocrx_word' id='word_1_291' title='bbox 1355 4608 1461 4687; x_wconf 84' lang='grc' dir='ltr'>άλλοί</span> <span class='ocrx_word' id='word_1_292' title='bbox 1480 4622 1570 4712; x_wconf 80' lang='grc' dir='ltr'>φέρε,</span> 
     </span>
     <span class='ocr_line' id='line_1_32' title="bbox 353 4735 1594 4836; baseline 0.004 -22"><span class='ocrx_word' id='word_1_293' title='bbox 353 4748 492 4832; x_wconf 72' lang='grc' dir='ltr'>214παῐ,</span> <span class='ocrx_word' id='word_1_294' title='bbox 518 4738 641 4835; x_wconf 89' lang='grc' dir='ltr'>φάναι,</span> <span class='ocrx_word' id='word_1_295' title='bbox 666 4738 722 4813; x_wconf 84' lang='grc' dir='ltr'>τόν</span> <span class='ocrx_word' id='word_1_296' title='bbox 738 4742 897 4836; x_wconf 75' lang='grc' dir='ltr'>ψυκτῆρα</span> <span class='ocrx_word' id='word_1_297' title='bbox 913 4743 1048 4827; x_wconf 85' lang='grc' dir='ltr'>ἐκεῖνον,</span> <span class='ocrx_word' id='word_1_298' title='bbox 1077 4735 1171 4811; x_wconf 89' lang='grc' dir='ltr'>ἰδόντ’</span> <span class='ocrx_word' id='word_1_299' title='bbox 1192 4736 1292 4812; x_wconf 73' lang='grc' dir='ltr'>αὐτὸν</span> <span class='ocrx_word' id='word_1_300' title='bbox 1313 4744 1408 4813; x_wconf 88' lang='grc' dir='ltr'>πλέον</span> <span class='ocrx_word' id='word_1_301' title='bbox 1431 4739 1455 4835; x_wconf 71' lang='grc' dir='ltr'>ἦ</span> <span class='ocrx_word' id='word_1_302' title='bbox 1478 4739 1594 4819; x_wconf 72' lang='grc' dir='ltr'>όκτῶι</span> 
     </span>
     <span class='ocr_line' id='line_1_33' title="bbox 411 4857 1571 4966; baseline -0.003 -20"><span class='ocrx_word' id='word_1_303' title='bbox 411 4866 556 4954; x_wconf 80' lang='grc' dir='ltr'>κοτύλας</span> <span class='ocrx_word' id='word_1_304' title='bbox 572 4874 748 4964; x_wconf 83' lang='grc' dir='ltr'>χωροῦντα.</span> <span class='ocrx_word' id='word_1_305' title='bbox 803 4873 917 4941; x_wconf 83' lang='grc' dir='ltr'>τοῶτον</span> <span class='ocrx_word' id='word_1_306' title='bbox 938 4857 993 4939; x_wconf 76' lang='grc' dir='ltr'>οὖν</span> <span class='ocrx_word' id='word_1_307' title='bbox 1014 4863 1262 4961; x_wconf 84' lang='grc' dir='ltr'>ἐμπλησάμενον</span> <span class='ocrx_word' id='word_1_308' title='bbox 1279 4873 1405 4964; x_wconf 90' lang='grc' dir='ltr'>πρῶτον</span> <span class='ocrx_word' id='word_1_309' title='bbox 1428 4871 1489 4966; x_wconf 80' lang='grc' dir='ltr'>μίν</span> <span class='ocrx_word' id='word_1_310' title='bbox 1508 4870 1571 4947; x_wconf 52' lang='grc' dir='ltr'>αι’»</span> 
     </span>
    </p>
   </div>
   <div class='ocr_carea' id='block_1_4' title="bbox 0 0 1930 5700">
    <p class='ocr_par' dir='ltr' id='par_1_4' title="bbox 0 0 1930 5700">
     <span class='ocr_line' id='line_1_34' title="bbox 0 0 1930 5700; baseline 0 0"><span class='ocrx_word' id='word_1_311' title='bbox 0 0 1930 5700; x_wconf 95' lang='lat' dir='ltr'> </span> 
     </span>
    </p>
   </div>
  </div>
 </body>
</html>
