<?xml version="1.0" encoding="UTF-8"?>
<!DOCTYPE html PUBLIC "-//W3C//DTD XHTML 1.0 Transitional//EN"
    "http://www.w3.org/TR/xhtml1/DTD/xhtml1-transitional.dtd">
<html xmlns="http://www.w3.org/1999/xhtml" xml:lang="en" lang="en">
 <head>
  <title>
</title>
<meta http-equiv="Content-Type" content="text/html;charset=utf-8" />
  <meta name='ocr-system' content='tesseract 3.04.00' />
  <meta name='ocr-capabilities' content='ocr_page ocr_carea ocr_par ocr_line ocrx_word'/>
</head>
<body>
  <div class='ocr_page' id='page_1' title='image "./platonisconvivi00platgoog_0103.png"; bbox 0 0 3850 5700; ppageno 0'>
   <div class='ocr_carea' id='block_1_1' title="bbox 660 720 1492 833">
    <p class='ocr_par' dir='ltr' id='par_1_1' title="bbox 660 720 1492 833">
     <span class='ocr_line' id='line_1_1' title="bbox 660 720 1492 833; baseline -0.01 -16"><span class='ocrx_word' id='word_1_1' title='bbox 660 811 667 833; x_wconf 67' lang='grc'>,</span> <span class='ocrx_word' id='word_1_2' title='bbox 796 720 1027 817; x_wconf 69' lang='grc' dir='ltr'>κτωῐιοκιοὶι.</span> <span class='ocrx_word' id='word_1_3' title='bbox 1444 762 1492 829; x_wconf 71' lang='lat'>47.</span> 
     </span>
    </p>
   </div>
   <div class='ocr_carea' id='block_1_2' title="bbox 327 898 1488 1255">
    <p class='ocr_par' dir='ltr' id='par_1_2' title="bbox 327 898 1488 1255">
     <span class='ocr_line' id='line_1_2' title="bbox 327 898 1486 1007; baseline -0.003 -30"><span class='ocrx_word' id='word_1_4' title='bbox 327 902 389 977; x_wconf 75' lang='grc' dir='ltr'>τὸν</span> <span class='ocrx_word' id='word_1_5' title='bbox 408 909 539 992; x_wconf 75' lang='grc' dir='ltr'>ἐκπιεῖν,</span> <span class='ocrx_word' id='word_1_6' title='bbox 567 908 682 977; x_wconf 77' lang='grc' dir='ltr'>ἔπειτα</span> <span class='ocrx_word' id='word_1_7' title='bbox 697 909 743 1003; x_wconf 79' lang='grc' dir='ltr'>τῷ</span> <span class='ocrx_word' id='word_1_8' title='bbox 760 899 935 1000; x_wconf 76' lang='grc' dir='ltr'>Σωκράτει</span> <span class='ocrx_word' id='word_1_9' title='bbox 948 898 1088 975; x_wconf 74' lang='grc' dir='ltr'>κελεύειν</span> <span class='ocrx_word' id='word_1_10' title='bbox 1106 905 1209 995; x_wconf 79' lang='grc' dir='ltr'>ἐγχεῖν</span> <span class='ocrx_word' id='word_1_11' title='bbox 1226 904 1285 975; x_wconf 84' lang='grc' dir='ltr'>καὶ</span> <span class='ocrx_word' id='word_1_12' title='bbox 1301 900 1358 995; x_wconf 79' lang='grc' dir='ltr'>ἅμ’</span> <span class='ocrx_word' id='word_1_13' title='bbox 1376 906 1486 1007; x_wconf 79' lang='grc' dir='ltr'>εἰπεῖν,</span> 
     </span>
     <span class='ocr_line' id='line_1_3' title="bbox 331 1023 1486 1129; baseline -0.003 -24"><span class='ocrx_word' id='word_1_14' title='bbox 331 1030 422 1129; x_wconf 85' lang='grc' dir='ltr'>Πρὸς</span> <span class='ocrx_word' id='word_1_15' title='bbox 438 1034 495 1125; x_wconf 77' lang='grc' dir='ltr'>μὲν</span> <span class='ocrx_word' id='word_1_16' title='bbox 513 1028 699 1126; x_wconf 78' lang='grc' dir='ltr'><strong>Σωκράτη,</strong></span> <span class='ocrx_word' id='word_1_17' title='bbox 726 1023 751 1103; x_wconf 81' lang='grc' dir='ltr'><em>ὦ</em></span> <span class='ocrx_word' id='word_1_18' title='bbox 772 1028 906 1125; x_wconf 87' lang='grc' dir='ltr'>άνδρες,</span> <span class='ocrx_word' id='word_1_19' title='bbox 932 1027 970 1101; x_wconf 87' lang='grc' dir='ltr'>τὸ</span> <span class='ocrx_word' id='word_1_20' title='bbox 989 1026 1139 1125; x_wconf 84' lang='grc' dir='ltr'>σύφισμά</span> <span class='ocrx_word' id='word_1_21' title='bbox 1158 1055 1211 1122; x_wconf 88' lang='grc' dir='ltr'>μοι</span> <span class='ocrx_word' id='word_1_22' title='bbox 1235 1028 1343 1103; x_wconf 84' lang='grc' dir='ltr'>ούδέν·</span> <span class='ocrx_word' id='word_1_23' title='bbox 1370 1027 1486 1103; x_wconf 78' lang='grc' dir='ltr'>ὁπόσον</span> 
     </span>
     <span class='ocr_line' id='line_1_4' title="bbox 327 1152 1488 1255; baseline -0.001 -23"><span class='ocrx_word' id='word_1_24' title='bbox 327 1157 400 1255; x_wconf 86' lang='grc' dir='ltr'>γάρ</span> <span class='ocrx_word' id='word_1_25' title='bbox 421 1157 461 1234; x_wconf 82' lang='grc' dir='ltr'>άν</span> <span class='ocrx_word' id='word_1_26' title='bbox 480 1156 598 1254; x_wconf 78' lang='grc' dir='ltr'>κελεύῃ</span> <span class='ocrx_word' id='word_1_27' title='bbox 619 1186 686 1250; x_wconf 87' lang='grc' dir='ltr'>τις,</span> <span class='ocrx_word' id='word_1_28' title='bbox 712 1160 867 1231; x_wconf 86' lang='grc' dir='ltr'>τοσούτου</span> <span class='ocrx_word' id='word_1_29' title='bbox 888 1153 1007 1229; x_wconf 69' lang='grc' dir='ltr'>ἐκπιεῖν</span> <span class='ocrx_word' id='word_1_30' title='bbox 1026 1152 1117 1229; x_wconf 84' lang='grc' dir='ltr'>ούδὲν</span> <span class='ocrx_word' id='word_1_31' title='bbox 1138 1160 1262 1248; x_wconf 87' lang='grc' dir='ltr'>μάλλον</span> <span class='ocrx_word' id='word_1_32' title='bbox 1283 1156 1412 1252; x_wconf 79' lang='grc' dir='ltr'>μήποτε</span> <span class='ocrx_word' id='word_1_33' title='bbox 1433 1186 1488 1251; x_wconf 82' lang='grc' dir='ltr'>με·</span> 
     </span>
    </p>
   </div>
   <div class='ocr_carea' id='block_1_3' title="bbox 329 1278 1657 1516">
    <p class='ocr_par' dir='ltr' id='par_1_3' title="bbox 329 1278 1657 1516">
     <span class='ocr_line' id='line_1_5' title="bbox 329 1278 1657 1381; baseline 0 -23"><span class='ocrx_word' id='word_1_34' title='bbox 329 1291 447 1381; x_wconf 73' lang='grc' dir='ltr'>θυσθη.</span> <span class='ocrx_word' id='word_1_35' title='bbox 500 1284 563 1360; x_wconf 85' lang='grc' dir='ltr'>Τὸν</span> <span class='ocrx_word' id='word_1_36' title='bbox 580 1288 636 1379; x_wconf 82' lang='grc' dir='ltr'>μέν</span> <span class='ocrx_word' id='word_1_37' title='bbox 656 1278 710 1359; x_wconf 90' lang='grc' dir='ltr'>ούν</span> <span class='ocrx_word' id='word_1_38' title='bbox 728 1281 914 1381; x_wconf 82' lang='grc' dir='ltr'>Σωκράτη,</span> <span class='ocrx_word' id='word_1_39' title='bbox 940 1288 1112 1379; x_wconf 81' lang='grc' dir='ltr'>ἐγχέαντος</span> <span class='ocrx_word' id='word_1_40' title='bbox 1128 1290 1186 1356; x_wconf 86' lang='grc' dir='ltr'>τού</span> <span class='ocrx_word' id='word_1_41' title='bbox 1209 1283 1343 1375; x_wconf 85' lang='grc' dir='ltr'>παιδός,</span> <span class='ocrx_word' id='word_1_42' title='bbox 1371 1289 1487 1368; x_wconf 82' lang='grc' dir='ltr'>πίνειν·</span> <span class='ocrx_word' id='word_1_43' title='bbox 1549 1315 1551 1320; x_wconf 96' lang='grc'>·</span> <span class='ocrx_word' id='word_1_44' title='bbox 1651 1351 1657 1370; x_wconf 85' lang='grc'>,</span> 
     </span>
     <span class='ocr_line' id='line_1_6' title="bbox 329 1404 1657 1516; baseline -0.001 -29"><span class='ocrx_word' id='word_1_45' title='bbox 329 1414 391 1487; x_wconf 79' lang='grc' dir='ltr'>τὸν</span> <span class='ocrx_word' id='word_1_46' title='bbox 409 1411 437 1488; x_wconf 85' lang='grc' dir='ltr'>δ’</span> <span class='ocrx_word' id='word_1_47' title='bbox 457 1411 685 1511; x_wconf 79' lang='grc' dir='ltr'>Ἐρυξίμαχον,</span> <span class='ocrx_word' id='word_1_48' title='bbox 713 1418 789 1499; x_wconf 79' lang='grc' dir='ltr'>Πῶς</span> <span class='ocrx_word' id='word_1_49' title='bbox 808 1405 876 1501; x_wconf 90' lang='grc' dir='ltr'>σύν,</span> <span class='ocrx_word' id='word_1_50' title='bbox 901 1408 1023 1506; x_wconf 89' lang='grc' dir='ltr'>φάναι,</span> <span class='ocrx_word' id='word_1_51' title='bbox 1052 1404 1308 1507; x_wconf 83' lang='grc' dir='ltr'>ύἈλκιβιάδη,</span> <span class='ocrx_word' id='word_1_52' title='bbox 1330 1420 1488 1507; x_wconf 75' lang='grc' dir='ltr'>ποιῶμενς</span> <span class='ocrx_word' id='word_1_53' title='bbox 1565 1488 1567 1492; x_wconf 66' lang='grc'>,</span> <span class='ocrx_word' id='word_1_54' title='bbox 1617 1488 1657 1516; x_wconf 60' lang='lat'>·,</span> 
     </span>
    </p>
   </div>
   <div class='ocr_carea' id='block_1_4' title="bbox 315 1536 1598 4959">
    <p class='ocr_par' dir='ltr' id='par_1_4' title="bbox 315 1536 1598 4959">
     <span class='ocr_line' id='line_1_7' title="bbox 332 1536 1513 1637; baseline -0.002 -22"><span class='ocrx_word' id='word_1_55' title='bbox 332 1541 439 1628; x_wconf 87' lang='grc' dir='ltr'>ούτως</span> <span class='ocrx_word' id='word_1_56' title='bbox 456 1540 531 1614; x_wconf 88' lang='grc' dir='ltr'>ούτε</span> <span class='ocrx_word' id='word_1_57' title='bbox 547 1570 580 1613; x_wconf 89' lang='grc' dir='ltr'>τι</span> <span class='ocrx_word' id='word_1_58' title='bbox 596 1548 729 1636; x_wconf 84' lang='grc' dir='ltr'>λέγομεν</span> <span class='ocrx_word' id='word_1_59' title='bbox 747 1541 800 1613; x_wconf 88' lang='grc' dir='ltr'>ἐπὶ</span> <span class='ocrx_word' id='word_1_60' title='bbox 819 1546 863 1635; x_wconf 76' lang='grc' dir='ltr'>τῇ</span> <span class='ocrx_word' id='word_1_61' title='bbox 881 1536 994 1614; x_wconf 90' lang='grc' dir='ltr'>κύλικι</span> <span class='ocrx_word' id='word_1_62' title='bbox 1011 1536 1079 1612; x_wconf 71' lang='grc' dir='ltr'>οὔτ’</span> <span class='ocrx_word' id='word_1_63' title='bbox 1101 1537 1272 1637; x_wconf 82' lang='grc' dir='ltr'>ἐπηίδομεν,</span> <span class='ocrx_word' id='word_1_64' title='bbox 1300 1539 1372 1614; x_wconf 75' lang='grc' dir='ltr'>ἀλλ’</span> <span class='ocrx_word' id='word_1_65' title='bbox 1392 1538 1513 1635; x_wconf 77' lang='grc' dir='ltr'>άτεχ-ιν</span> 
     </span>
     <span class='ocr_line' id='line_1_8' title="bbox 331 1659 1487 1768; baseline 0 -28"><span class='ocrx_word' id='word_1_66' title='bbox 331 1676 400 1755; x_wconf 81' lang='grc' dir='ltr'>νως</span> <span class='ocrx_word' id='word_1_67' title='bbox 417 1668 524 1766; x_wconf 76' lang='grc' dir='ltr'>ὥσπερ</span> <span class='ocrx_word' id='word_1_68' title='bbox 547 1673 576 1742; x_wconf 91' lang='grc' dir='ltr'>οῖ</span> <span class='ocrx_word' id='word_1_69' title='bbox 598 1672 755 1768; x_wconf 79' lang='grc' dir='ltr'>διψῶντες</span> <span class='ocrx_word' id='word_1_70' title='bbox 774 1665 921 1762; x_wconf 83' lang='grc' dir='ltr'>πιύμεθοι.</span> <span class='ocrx_word' id='word_1_71' title='bbox 975 1665 1039 1739; x_wconf 85' lang='grc' dir='ltr'>Τὸν</span> <span class='ocrx_word' id='word_1_72' title='bbox 1063 1659 1117 1741; x_wconf 89' lang='grc' dir='ltr'>σύν</span> <span class='ocrx_word' id='word_1_73' title='bbox 1135 1663 1349 1761; x_wconf 81' lang='grc' dir='ltr'>Ἀλκιβιάδην</span> <span class='ocrx_word' id='word_1_74' title='bbox 1377 1673 1487 1757; x_wconf 85' lang='grc' dir='ltr'>εἰπεῖν,</span> 
     </span>
     <span class='ocr_line' id='line_1_9' title="bbox 325 1791 1488 1893; baseline -0.001 -23"><span class='ocrx_word' id='word_1_75' title='bbox 325 1791 404 1870; x_wconf 72' lang='grc' dir='ltr'>’θ’</span> <span class='ocrx_word' id='word_1_76' title='bbox 409 1801 456 1893; x_wconf 65' lang='lat' dir='ltr'>Ep</span> <span class='ocrx_word' id='word_1_77' title='bbox 457 1798 612 1891; x_wconf 80' lang='grc' dir='ltr'>υξίμαχε,</span> <span class='ocrx_word' id='word_1_78' title='bbox 639 1800 785 1889; x_wconf 85' lang='grc' dir='ltr'>βέλτιστε</span> <span class='ocrx_word' id='word_1_79' title='bbox 803 1798 971 1889; x_wconf 81' lang='grc' dir='ltr'>βελτίστου</span> <span class='ocrx_word' id='word_1_80' title='bbox 988 1792 1113 1890; x_wconf 84' lang='grc' dir='ltr'>πατρὸς</span> <span class='ocrx_word' id='word_1_81' title='bbox 1130 1796 1191 1869; x_wconf 87' lang='grc' dir='ltr'>καὶ</span> <span class='ocrx_word' id='word_1_82' title='bbox 1207 1794 1488 1892; x_wconf 83' lang='grc' dir='ltr'>σωφρονεστάτου,</span> 
     </span>
     <span class='ocr_line' id='line_1_10' title="bbox 331 1920 1489 2072; baseline 0.004 -74"><span class='ocrx_word' id='word_1_83' title='bbox 331 1932 438 2021; x_wconf 81' lang='grc' dir='ltr'>χαῖρε.</span> <span class='ocrx_word' id='word_1_84' title='bbox 466 1927 534 1997; x_wconf 84' lang='grc' dir='ltr'>Καὶ</span> <span class='ocrx_word' id='word_1_85' title='bbox 551 1922 616 2072; x_wconf 84' lang='grc' dir='ltr'>γάρ</span> <span class='ocrx_word' id='word_1_86' title='bbox 635 1921 687 2012; x_wconf 88' lang='grc' dir='ltr'>σύ,</span> <span class='ocrx_word' id='word_1_87' title='bbox 714 1920 819 2020; x_wconf 82' lang='grc' dir='ltr'>φάναι</span> <span class='ocrx_word' id='word_1_88' title='bbox 836 1922 890 1997; x_wconf 83' lang='grc' dir='ltr'>τὸν</span> <span class='ocrx_word' id='word_1_89' title='bbox 904 1920 975 2020; x_wconf 80' lang='grc' dir='ltr'>ἰΕρ</span> <span class='ocrx_word' id='word_1_90' title='bbox 967 1924 1142 2016; x_wconf 80' lang='grc' dir='ltr'>υξίμαχον·</span> <span class='ocrx_word' id='word_1_91' title='bbox 1170 1920 1314 1997; x_wconf 86' lang='grc' dir='ltr'>άλλάτί</span> <span class='ocrx_word' id='word_1_92' title='bbox 1280 1925 1489 2018; x_wconf 71' lang='grc' dir='ltr'>τίποιῶμενι</span> 
     </span>
     <span class='ocr_line' id='line_1_11' title="bbox 322 2048 1183 2147; baseline -0.004 -20.92"><span class='ocrx_word' id='word_1_93' title='bbox 322 2052 378 2126; x_wconf 83' lang='grc' dir='ltr'><strong>Ὅ</strong></span> <span class='ocrx_word' id='word_1_94' title='bbox 403 2080 437 2125; x_wconf 91' lang='grc' dir='ltr'>τι</span> <span class='ocrx_word' id='word_1_95' title='bbox 461 2049 503 2124; x_wconf 86' lang='grc' dir='ltr'>άν</span> <span class='ocrx_word' id='word_1_96' title='bbox 530 2049 571 2124; x_wconf 90' lang='grc' dir='ltr'>σύ</span> <span class='ocrx_word' id='word_1_97' title='bbox 598 2050 751 2146; x_wconf 76' lang='grc' dir='ltr'>κελεύῃς·</span> <span class='ocrx_word' id='word_1_98' title='bbox 777 2058 828 2124; x_wconf 90' lang='grc' dir='ltr'>δεῖ</span> <span class='ocrx_word' id='word_1_99' title='bbox 851 2048 917 2147; x_wconf 92' lang='grc' dir='ltr'>γάρ</span> <span class='ocrx_word' id='word_1_100' title='bbox 944 2077 996 2124; x_wconf 91' lang='grc' dir='ltr'>σοι</span> <span class='ocrx_word' id='word_1_101' title='bbox 1022 2056 1183 2125; x_wconf 73' lang='grc' dir='ltr'>πιθέσθαι</span> 
     </span>
     <span class='ocr_line' id='line_1_12' title="bbox 561 2185 1206 2259; baseline 0.003 -15.163"><span class='ocrx_word' id='word_1_102' title='bbox 561 2189 698 2257; x_wconf 76' lang='grc' dir='ltr'>ἰητρὸς</span> <span class='ocrx_word' id='word_1_103' title='bbox 713 2188 763 2259; x_wconf 83' lang='grc' dir='ltr'>γάρ</span> <span class='ocrx_word' id='word_1_104' title='bbox 781 2188 846 2259; x_wconf 75' lang='grc' dir='ltr'>α’νηρ</span> <span class='ocrx_word' id='word_1_105' title='bbox 864 2192 962 2246; x_wconf 76' lang='grc' dir='ltr'>πολλῶν</span> <span class='ocrx_word' id='word_1_106' title='bbox 980 2187 1097 2255; x_wconf 77' lang='grc' dir='ltr'>ἀντάξιος</span> <span class='ocrx_word' id='word_1_107' title='bbox 1113 2185 1206 2246; x_wconf 77' lang='grc' dir='ltr'>ἄλλων</span> 
     </span>
     <span class='ocr_line' id='line_1_13' title="bbox 335 2298 1491 2403; baseline 0.002 -24"><span class='ocrx_word' id='word_1_108' title='bbox 335 2310 494 2380; x_wconf 85' lang='grc' dir='ltr'>ἐπίταττε</span> <span class='ocrx_word' id='word_1_109' title='bbox 508 2298 565 2382; x_wconf 87' lang='grc' dir='ltr'>,ούν</span> <span class='ocrx_word' id='word_1_110' title='bbox 584 2303 600 2378; x_wconf 79' lang='grc' dir='ltr'>ὅ</span> <span class='ocrx_word' id='word_1_111' title='bbox 620 2333 652 2377; x_wconf 92' lang='grc' dir='ltr'>τι</span> <span class='ocrx_word' id='word_1_112' title='bbox 675 2303 789 2398; x_wconf 86' lang='grc' dir='ltr'>βούλει.</span> <span class='ocrx_word' id='word_1_113' title='bbox 834 2304 1000 2378; x_wconf 83' lang='grc' dir='ltr'>’Ἀκουσον</span> <span class='ocrx_word' id='word_1_114' title='bbox 1023 2304 1087 2399; x_wconf 83' lang='grc' dir='ltr'>δη’,</span> <span class='ocrx_word' id='word_1_115' title='bbox 1115 2309 1213 2380; x_wconf 74' lang='grc' dir='ltr'>εἰπεῖν</span> <span class='ocrx_word' id='word_1_116' title='bbox 1232 2306 1287 2382; x_wconf 83' lang='grc' dir='ltr'>τὸν</span> <span class='ocrx_word' id='word_1_117' title='bbox 1309 2305 1491 2403; x_wconf 81' lang='grc' dir='ltr'>Ἐρυξίμα-</span> 
     </span>
     <span class='ocr_line' id='line_1_14' title="bbox 335 2431 1490 2531; baseline 0 -24"><span class='ocrx_word' id='word_1_118' title='bbox 335 2462 402 2529; x_wconf 88' lang='grc' dir='ltr'>χον.</span> <span class='ocrx_word' id='word_1_119' title='bbox 453 2431 548 2527; x_wconf 80' lang='grc' dir='ltr'>ἡμῖν,</span> <span class='ocrx_word' id='word_1_120' title='bbox 575 2435 648 2530; x_wconf 85' lang='grc' dir='ltr'>πρὶν</span> <span class='ocrx_word' id='word_1_121' title='bbox 666 2435 704 2506; x_wconf 86' lang='grc' dir='ltr'>σὲ</span> <span class='ocrx_word' id='word_1_122' title='bbox 722 2436 886 2522; x_wconf 74' lang='grc' dir='ltr'>εἰσελθεῖν,</span> <span class='ocrx_word' id='word_1_123' title='bbox 913 2434 1004 2522; x_wconf 77' lang='grc' dir='ltr'>ἔδοξε</span> <span class='ocrx_word' id='word_1_124' title='bbox 1023 2437 1140 2531; x_wconf 77' lang='grc' dir='ltr'>χρῆναι</span> <span class='ocrx_word' id='word_1_125' title='bbox 1157 2437 1212 2509; x_wconf 81' lang='grc' dir='ltr'>ἐπὶ</span> <span class='ocrx_word' id='word_1_126' title='bbox 1234 2434 1325 2523; x_wconf 80' lang='grc' dir='ltr'>δεξιοὶ</span> <span class='ocrx_word' id='word_1_127' title='bbox 1350 2438 1490 2509; x_wconf 79' lang='grc' dir='ltr'>ἕκαστον</span> 
     </span>
     <span class='ocr_line' id='line_1_15' title="bbox 336 2557 1512 2659; baseline -0.001 -23"><span class='ocrx_word' id='word_1_128' title='bbox 336 2567 372 2637; x_wconf 91' lang='grc' dir='ltr'>ἐν</span> <span class='ocrx_word' id='word_1_129' title='bbox 395 2568 482 2659; x_wconf 86' lang='grc' dir='ltr'>μέρει</span> <span class='ocrx_word' id='word_1_130' title='bbox 498 2558 595 2655; x_wconf 82' lang='grc' dir='ltr'>λύγον</span> <span class='ocrx_word' id='word_1_131' title='bbox 613 2562 686 2657; x_wconf 86' lang='grc' dir='ltr'>περὶ</span> <span class='ocrx_word' id='word_1_132' title='bbox 704 2559 853 2657; x_wconf 81' lang='grc' dir='ltr'>Ἔρωτος</span> <span class='ocrx_word' id='word_1_133' title='bbox 870 2564 969 2634; x_wconf 77' lang='grc' dir='ltr'>εἰπεῖν</span> <span class='ocrx_word' id='word_1_134' title='bbox 993 2557 1037 2647; x_wconf 80' lang='grc' dir='ltr'>ὦς</span> <span class='ocrx_word' id='word_1_135' title='bbox 1054 2558 1188 2635; x_wconf 91' lang='grc' dir='ltr'>δύναιτο</span> <span class='ocrx_word' id='word_1_136' title='bbox 1210 2559 1405 2653; x_wconf 90' lang='grc' dir='ltr'>κάλλιστον,</span> <span class='ocrx_word' id='word_1_137' title='bbox 1431 2565 1512 2636; x_wconf 70' lang='grc' dir='ltr'>καῖε</span> 
     </span>
     <span class='ocr_line' id='line_1_16' title="bbox 336 2681 1488 2787; baseline -0.001 -23"><span class='ocrx_word' id='word_1_138' title='bbox 336 2686 556 2785; x_wconf 87' lang='grc' dir='ltr'>ἐγκωμιάσαι.</span> <span class='ocrx_word' id='word_1_139' title='bbox 573 2743 581 2753; x_wconf 62' lang='grc'><strong><em>»</em></strong></span> <span class='ocrx_word' id='word_1_140' title='bbox 609 2692 638 2762; x_wconf 89' lang='grc' dir='ltr'>οί</span> <span class='ocrx_word' id='word_1_141' title='bbox 660 2690 716 2781; x_wconf 83' lang='grc' dir='ltr'>μέν</span> <span class='ocrx_word' id='word_1_142' title='bbox 736 2681 791 2761; x_wconf 88' lang='grc' dir='ltr'>ούν</span> <span class='ocrx_word' id='word_1_143' title='bbox 811 2686 906 2762; x_wconf 83' lang='grc' dir='ltr'>ἄλλοι</span> <span class='ocrx_word' id='word_1_144' title='bbox 926 2686 1048 2774; x_wconf 84' lang='grc' dir='ltr'>πάντες</span> <span class='ocrx_word' id='word_1_145' title='bbox 1067 2686 1161 2783; x_wconf 77' lang='grc' dir='ltr'>ἡμεῖς</span> <span class='ocrx_word' id='word_1_146' title='bbox 1182 2689 1375 2787; x_wconf 76' lang='grc' dir='ltr'>εἰρήκαμεν·</span> <span class='ocrx_word' id='word_1_147' title='bbox 1402 2689 1444 2764; x_wconf 88' lang='grc' dir='ltr'>σύ</span> <span class='ocrx_word' id='word_1_148' title='bbox 1461 2688 1488 2763; x_wconf 86' lang='grc' dir='ltr'>δ’</span> 
     </span>
     <span class='ocr_line' id='line_1_17' title="bbox 336 2814 1489 2914; baseline -0.003 -21"><span class='ocrx_word' id='word_1_149' title='bbox 336 2816 452 2912; x_wconf 77' lang='grc' dir='ltr'>ἐπειδὴ</span> <span class='ocrx_word' id='word_1_150' title='bbox 467 2814 529 2892; x_wconf 88' lang='grc' dir='ltr'>ούκ</span> <span class='ocrx_word' id='word_1_151' title='bbox 546 2820 681 2914; x_wconf 86' lang='grc' dir='ltr'>εῖρηκας</span> <span class='ocrx_word' id='word_1_152' title='bbox 699 2817 759 2891; x_wconf 89' lang='grc' dir='ltr'>καὶ</span> <span class='ocrx_word' id='word_1_153' title='bbox 776 2820 989 2905; x_wconf 87' lang='grc' dir='ltr'>ἐκπέπωκας,</span> <span class='ocrx_word' id='word_1_154' title='bbox 1015 2819 1142 2904; x_wconf 87' lang='grc' dir='ltr'>δίκαιος</span> <span class='ocrx_word' id='word_1_155' title='bbox 1158 2814 1187 2890; x_wconf 86' lang='grc' dir='ltr'>εί</span> <span class='ocrx_word' id='word_1_156' title='bbox 1205 2821 1321 2908; x_wconf 75' lang='grc' dir='ltr'>εἰπεῖν,</span> <span class='ocrx_word' id='word_1_157' title='bbox 1348 2815 1444 2892; x_wconf 79' lang='grc' dir='ltr'>εἰπάν</span> <span class='ocrx_word' id='word_1_158' title='bbox 1460 2814 1489 2890; x_wconf 82' lang='grc' dir='ltr'>δ’</span> 
     </span>
     <span class='ocr_line' id='line_1_18' title="bbox 315 2934 1491 3044; baseline 0 -25"><span class='ocrx_word' id='word_1_159' title='bbox 315 2934 321 2943; x_wconf 41' lang='lat'>⁵</span> <span class='ocrx_word' id='word_1_160' title='bbox 337 2945 494 3034; x_wconf 78' lang='grc' dir='ltr'>ἐπιτάξαι</span> <span class='ocrx_word' id='word_1_161' title='bbox 509 2943 681 3042; x_wconf 81' lang='grc' dir='ltr'>Σωκράτει</span> <span class='ocrx_word' id='word_1_162' title='bbox 696 2943 713 3019; x_wconf 80' lang='lat'>‘6</span> <span class='ocrx_word' id='word_1_163' title='bbox 729 2973 762 3019; x_wconf 90' lang='grc' dir='ltr'>τι</span> <span class='ocrx_word' id='word_1_164' title='bbox 777 2943 818 3018; x_wconf 90' lang='grc' dir='ltr'>άν</span> <span class='ocrx_word' id='word_1_165' title='bbox 836 2943 956 3040; x_wconf 86' lang='grc' dir='ltr'>βούλη,</span> <span class='ocrx_word' id='word_1_166' title='bbox 984 2946 1044 3019; x_wconf 89' lang='grc' dir='ltr'>καὶ</span> <span class='ocrx_word' id='word_1_167' title='bbox 1059 2953 1173 3020; x_wconf 81' lang='grc' dir='ltr'>τοῦτον</span> <span class='ocrx_word' id='word_1_168' title='bbox 1190 2952 1237 3044; x_wconf 76' lang='grc' dir='ltr'>τῷ</span> <span class='ocrx_word' id='word_1_169' title='bbox 1254 2947 1308 3018; x_wconf 87' lang='grc' dir='ltr'>ἐπὶ</span> <span class='ocrx_word' id='word_1_170' title='bbox 1323 2945 1416 3034; x_wconf 77' lang='grc' dir='ltr'>δεξιά</span> <span class='ocrx_word' id='word_1_171' title='bbox 1431 2949 1491 3020; x_wconf 85' lang='grc' dir='ltr'>καὶ</span> 
     </span>
     <span class='ocr_line' id='line_1_19' title="bbox 338 3066 1491 3170; baseline 0 -22"><span class='ocrx_word' id='word_1_172' title='bbox 338 3074 424 3149; x_wconf 89' lang='grc' dir='ltr'>ούτω</span> <span class='ocrx_word' id='word_1_173' title='bbox 442 3072 520 3160; x_wconf 88' lang='grc' dir='ltr'>τούς</span> <span class='ocrx_word' id='word_1_174' title='bbox 537 3071 668 3159; x_wconf 88' lang='grc' dir='ltr'>άλλους.</span> <span class='ocrx_word' id='word_1_175' title='bbox 717 3070 844 3162; x_wconf 89' lang='grc' dir='ltr'>Ἀλλά,</span> <span class='ocrx_word' id='word_1_176' title='bbox 872 3071 995 3169; x_wconf 88' lang='grc' dir='ltr'>φάναι,</span> <span class='ocrx_word' id='word_1_177' title='bbox 1022 3066 1281 3170; x_wconf 81' lang='grc' dir='ltr'>ύἘρυξίμαχε,</span> <span class='ocrx_word' id='word_1_178' title='bbox 1308 3072 1362 3147; x_wconf 86' lang='grc' dir='ltr'>τὸν</span> <span class='ocrx_word' id='word_1_179' title='bbox 1379 3071 1491 3147; x_wconf 90' lang='grc' dir='ltr'>Ἀλκι-</span> 
     </span>
     <span class='ocr_line' id='line_1_20' title="bbox 339 3198 1490 3299; baseline -0.002 -22"><span class='ocrx_word' id='word_1_180' title='bbox 339 3200 473 3297; x_wconf 85' lang='grc' dir='ltr'>βιάδην,</span> <span class='ocrx_word' id='word_1_181' title='bbox 500 3207 611 3288; x_wconf 81' lang='grc' dir='ltr'>καλῶς</span> <span class='ocrx_word' id='word_1_182' title='bbox 629 3203 685 3294; x_wconf 86' lang='grc' dir='ltr'>μὲν</span> <span class='ocrx_word' id='word_1_183' title='bbox 703 3206 825 3292; x_wconf 83' lang='grc' dir='ltr'>λέγεις,</span> <span class='ocrx_word' id='word_1_184' title='bbox 853 3198 1012 3294; x_wconf 78' lang='grc' dir='ltr'>μεθύοντα</span> <span class='ocrx_word' id='word_1_185' title='bbox 1030 3198 1058 3274; x_wconf 85' lang='grc' dir='ltr'>δ’</span> <span class='ocrx_word' id='word_1_186' title='bbox 1083 3200 1189 3298; x_wconf 88' lang='grc' dir='ltr'>άνδρα</span> <span class='ocrx_word' id='word_1_187' title='bbox 1207 3199 1301 3299; x_wconf 88' lang='grc' dir='ltr'>παρά</span> <span class='ocrx_word' id='word_1_188' title='bbox 1323 3199 1490 3298; x_wconf 84' lang='grc' dir='ltr'>νηφόντων</span> 
     </span>
     <span class='ocr_line' id='line_1_21' title="bbox 337 3321 1491 3426; baseline 0 -23"><span class='ocrx_word' id='word_1_189' title='bbox 337 3327 454 3423; x_wconf 79' lang='grc' dir='ltr'>λόγους</span> <span class='ocrx_word' id='word_1_190' title='bbox 470 3326 567 3423; x_wconf 83' lang='grc' dir='ltr'>λόγον</span> <span class='ocrx_word' id='word_1_191' title='bbox 585 3327 809 3426; x_wconf 86' lang='grc' dir='ltr'>παραβάλλειν</span> <span class='ocrx_word' id='word_1_192' title='bbox 831 3327 877 3422; x_wconf 77' lang='grc' dir='ltr'>μή</span> <span class='ocrx_word' id='word_1_193' title='bbox 896 3324 958 3401; x_wconf 88' lang='grc' dir='ltr'>ούκ</span> <span class='ocrx_word' id='word_1_194' title='bbox 973 3330 1008 3417; x_wconf 80' lang='grc' dir='ltr'>ἐξ</span> <span class='ocrx_word' id='word_1_195' title='bbox 1023 3331 1097 3402; x_wconf 81' lang='grc' dir='ltr'>ἴσον</span> <span class='ocrx_word' id='word_1_196' title='bbox 1115 3321 1149 3424; x_wconf 73' lang='grc' dir='ltr'>ᾖ.</span> <span class='ocrx_word' id='word_1_197' title='bbox 1188 3331 1250 3403; x_wconf 84' lang='grc' dir='ltr'>καὶ</span> <span class='ocrx_word' id='word_1_198' title='bbox 1261 3328 1357 3422; x_wconf 87' lang='grc' dir='ltr'>-ἅμα,</span> <span class='ocrx_word' id='word_1_199' title='bbox 1385 3322 1410 3402; x_wconf 79' lang='grc' dir='ltr'><em>ὦ</em></span> <span class='ocrx_word' id='word_1_200' title='bbox 1428 3357 1491 3423; x_wconf 90' lang='grc' dir='ltr'>μα-</span> 
     </span>
     <span class='ocr_line' id='line_1_22' title="bbox 338 3447 1598 3562; baseline -0.004 -32"><span class='ocrx_word' id='word_1_201' title='bbox 338 3454 449 3554; x_wconf 90' lang='grc' dir='ltr'>κάριε,</span> <span class='ocrx_word' id='word_1_202' title='bbox 475 3459 574 3550; x_wconf 85' lang='grc' dir='ltr'>πείθει</span> <span class='ocrx_word' id='word_1_203' title='bbox 590 3460 625 3530; x_wconf 88' lang='grc' dir='ltr'>τί</span> <span class='ocrx_word' id='word_1_204' title='bbox 642 3484 678 3529; x_wconf 90' lang='grc' dir='ltr'>σε</span> <span class='ocrx_word' id='word_1_205' title='bbox 695 3454 882 3552; x_wconf 81' lang='grc' dir='ltr'>Σωκράτης</span> <span class='ocrx_word' id='word_1_206' title='bbox 902 3447 944 3528; x_wconf 80' lang='grc' dir='ltr'>ὧν</span> <span class='ocrx_word' id='word_1_207' title='bbox 964 3453 1042 3553; x_wconf 86' lang='grc' dir='ltr'>άρτι</span> <span class='ocrx_word' id='word_1_208' title='bbox 1068 3455 1172 3562; x_wconf 72' lang='grc' dir='ltr'>είπενς</span> <span class='ocrx_word' id='word_1_209' title='bbox 1197 3454 1220 3551; x_wconf 76' lang='grc' dir='ltr'><strong>ἧ</strong></span> <span class='ocrx_word' id='word_1_210' title='bbox 1241 3454 1318 3530; x_wconf 72' lang='grc' dir='ltr'>οἶσθ’</span> <span class='ocrx_word' id='word_1_211' title='bbox 1341 3456 1393 3531; x_wconf 75' lang='grc' dir='ltr'>’ὅτι</span> <span class='ocrx_word' id='word_1_212' title='bbox 1417 3454 1515 3530; x_wconf 76' lang='grc' dir='ltr'>τούι</span> <span class='ocrx_word' id='word_1_213' title='bbox 1596 3490 1598 3494; x_wconf 94' lang='grc'>·</span> 
     </span>
     <span class='ocr_line' id='line_1_23' title="bbox 338 3576 1490 3680; baseline 0.002 -23"><span class='ocrx_word' id='word_1_214' title='bbox 338 3587 465 3658; x_wconf 91' lang='grc' dir='ltr'>ναντίον</span> <span class='ocrx_word' id='word_1_215' title='bbox 482 3587 553 3659; x_wconf 84' lang='grc' dir='ltr'>ἐστὶ</span> <span class='ocrx_word' id='word_1_216' title='bbox 570 3591 636 3657; x_wconf 87' lang='grc' dir='ltr'>πάν</span> <span class='ocrx_word' id='word_1_217' title='bbox 652 3582 676 3678; x_wconf 72' lang='grc' dir='ltr'><strong>ἧ</strong></span> <span class='ocrx_word' id='word_1_218' title='bbox 695 3581 712 3656; x_wconf 81' lang='grc' dir='ltr'>ὃ</span> <span class='ocrx_word' id='word_1_219' title='bbox 730 3589 856 3678; x_wconf 86' lang='grc' dir='ltr'>ἐλεγεν;</span> <span class='ocrx_word' id='word_1_220' title='bbox 884 3576 979 3669; x_wconf 86' lang='grc' dir='ltr'>ούτος</span> <span class='ocrx_word' id='word_1_221' title='bbox 995 3580 1071 3680; x_wconf 89' lang='grc' dir='ltr'>γάρ,</span> <span class='ocrx_word' id='word_1_222' title='bbox 1098 3581 1156 3657; x_wconf 92' lang='grc' dir='ltr'>ἐάν</span> <span class='ocrx_word' id='word_1_223' title='bbox 1173 3583 1229 3659; x_wconf 85' lang='grc' dir='ltr'>τιν’</span> <span class='ocrx_word' id='word_1_224' title='bbox 1251 3583 1314 3679; x_wconf 82' lang='grc' dir='ltr'>ἐγω</span> <span class='ocrx_word' id='word_1_225' title='bbox 1330 3590 1490 3659; x_wconf 81' lang='grc' dir='ltr'>ἐπαινέσω</span> 
     </span>
     <span class='ocr_line' id='line_1_24' title="bbox 339 3708 1492 3809; baseline -0.001 -22"><span class='ocrx_word' id='word_1_226' title='bbox 339 3709 457 3787; x_wconf 87' lang='grc' dir='ltr'>τούτου</span> <span class='ocrx_word' id='word_1_227' title='bbox 474 3708 673 3808; x_wconf 77' lang='grc' dir='ltr'>παρύντοςῆ</span> <span class='ocrx_word' id='word_1_228' title='bbox 696 3709 763 3785; x_wconf 85' lang='grc' dir='ltr'>θεὸν</span> <span class='ocrx_word' id='word_1_229' title='bbox 782 3709 805 3804; x_wconf 74' lang='grc' dir='ltr'><strong>ἢ</strong></span> <span class='ocrx_word' id='word_1_230' title='bbox 825 3710 989 3808; x_wconf 88' lang='grc' dir='ltr'>άνθρωπον</span> <span class='ocrx_word' id='word_1_231' title='bbox 1008 3709 1109 3786; x_wconf 89' lang='grc' dir='ltr'>άλλον</span> <span class='ocrx_word' id='word_1_232' title='bbox 1128 3710 1150 3805; x_wconf 71' lang='grc' dir='ltr'>ἦ</span> <span class='ocrx_word' id='word_1_233' title='bbox 1169 3719 1302 3802; x_wconf 81' lang='grc' dir='ltr'>τουτον,</span> <span class='ocrx_word' id='word_1_234' title='bbox 1330 3710 1392 3785; x_wconf 90' lang='grc' dir='ltr'>ούκ</span> <span class='ocrx_word' id='word_1_235' title='bbox 1410 3711 1492 3809; x_wconf 87' lang='grc' dir='ltr'>άφέ·</span> 
     </span>
     <span class='ocr_line' id='line_1_25' title="bbox 340 3836 1490 3948; baseline 0 -36"><span class='ocrx_word' id='word_1_236' title='bbox 340 3840 434 3929; x_wconf 81' lang='grc' dir='ltr'>ξεταί</span> <span class='ocrx_word' id='word_1_237' title='bbox 459 3866 520 3933; x_wconf 89' lang='grc' dir='ltr'>μου</span> <span class='ocrx_word' id='word_1_238' title='bbox 540 3836 587 3912; x_wconf 82' lang='grc' dir='ltr'>τύ</span> <span class='ocrx_word' id='word_1_239' title='bbox 610 3847 700 3936; x_wconf 86' lang='grc' dir='ltr'>χεῖρε.</span> <span class='ocrx_word' id='word_1_240' title='bbox 754 3837 828 3911; x_wconf 89' lang='grc' dir='ltr'>Ούκ</span> <span class='ocrx_word' id='word_1_241' title='bbox 854 3837 1075 3934; x_wconf 75' lang='grc' dir='ltr'>εύφημησειςς</span> <span class='ocrx_word' id='word_1_242' title='bbox 1102 3837 1207 3935; x_wconf 87' lang='grc' dir='ltr'>φάναι</span> <span class='ocrx_word' id='word_1_243' title='bbox 1234 3838 1289 3913; x_wconf 82' lang='grc' dir='ltr'>τὸν</span> <span class='ocrx_word' id='word_1_244' title='bbox 1311 3838 1490 3948; x_wconf 76' lang='grc' dir='ltr'>Σωκράτη.</span> 
     </span>
     <span class='ocr_line' id='line_1_26' title="bbox 340 3965 1492 4065; baseline 0.002 -24"><span class='ocrx_word' id='word_1_245' title='bbox 340 3966 400 4041; x_wconf 62' lang='lat' dir='ltr'>M&amp;</span> <span class='ocrx_word' id='word_1_246' title='bbox 427 3966 481 4041; x_wconf 86' lang='grc' dir='ltr'>τὸν</span> <span class='ocrx_word' id='word_1_247' title='bbox 513 3970 676 4056; x_wconf 75' lang='grc' dir='ltr'>Ποσειδῶ,</span> <span class='ocrx_word' id='word_1_248' title='bbox 711 3970 808 4041; x_wconf 84' lang='grc' dir='ltr'>εἰπεῖν</span> <span class='ocrx_word' id='word_1_249' title='bbox 838 3965 893 4041; x_wconf 82' lang='grc' dir='ltr'>τὸν</span> <span class='ocrx_word' id='word_1_250' title='bbox 918 3965 1150 4060; x_wconf 87' lang='grc' dir='ltr'>Ἀλκιβιάδην,</span> <span class='ocrx_word' id='word_1_251' title='bbox 1186 3971 1285 4063; x_wconf 84' lang='grc' dir='ltr'>μηδὲν</span> <span class='ocrx_word' id='word_1_252' title='bbox 1315 3973 1388 4063; x_wconf 82' lang='grc' dir='ltr'>λέγε</span> <span class='ocrx_word' id='word_1_253' title='bbox 1413 3967 1492 4065; x_wconf 82' lang='grc' dir='ltr'>πρὸς</span> 
     </span>
     <span class='ocr_line' id='line_1_27' title="bbox 339 4092 1490 4192; baseline 0 -23"><span class='ocrx_word' id='word_1_254' title='bbox 339 4101 470 4185; x_wconf 80' lang='grc' dir='ltr'>ταῦτα,</span> <span class='ocrx_word' id='word_1_255' title='bbox 496 4092 540 4181; x_wconf 80' lang='grc' dir='ltr'>ὡς</span> <span class='ocrx_word' id='word_1_256' title='bbox 562 4092 626 4189; x_wconf 81' lang='grc' dir='ltr'>ε’γω</span> <span class='ocrx_word' id='word_1_257' title='bbox 651 4092 715 4168; x_wconf 88' lang='grc' dir='ltr'>ούδ’</span> <span class='ocrx_word' id='word_1_258' title='bbox 737 4093 778 4168; x_wconf 86' lang='grc' dir='ltr'>άν</span> <span class='ocrx_word' id='word_1_259' title='bbox 801 4099 859 4169; x_wconf 82' lang='grc' dir='ltr'>ἕνα</span> <span class='ocrx_word' id='word_1_260' title='bbox 882 4094 982 4168; x_wconf 80' lang='grc' dir='ltr'>ἄλλον</span> <span class='ocrx_word' id='word_1_261' title='bbox 1003 4100 1211 4189; x_wconf 78' lang='grc' dir='ltr'>ἐπαινέσαιμι</span> <span class='ocrx_word' id='word_1_262' title='bbox 1236 4102 1295 4169; x_wconf 88' lang='grc' dir='ltr'>σού</span> <span class='ocrx_word' id='word_1_263' title='bbox 1323 4094 1490 4192; x_wconf 75' lang='grc' dir='ltr'>παρόντος</span> 
     </span>
     <span class='ocr_line' id='line_1_28' title="bbox 337 4220 1491 4320; baseline 0 -25"><span class='ocrx_word' id='word_1_264' title='bbox 337 4220 426 4295; x_wconf 90' lang='grc' dir='ltr'>Ἀλλ’</span> <span class='ocrx_word' id='word_1_265' title='bbox 447 4221 531 4297; x_wconf 80' lang='grc' dir='ltr'>οὕτω</span> <span class='ocrx_word' id='word_1_266' title='bbox 550 4225 651 4312; x_wconf 87' lang='grc' dir='ltr'>ποίει,</span> <span class='ocrx_word' id='word_1_267' title='bbox 678 4220 781 4320; x_wconf 89' lang='grc' dir='ltr'>φάναι</span> <span class='ocrx_word' id='word_1_268' title='bbox 799 4220 854 4297; x_wconf 84' lang='grc' dir='ltr'>τὸν</span> <span class='ocrx_word' id='word_1_269' title='bbox 872 4221 1101 4319; x_wconf 82' lang='grc' dir='ltr'>Ἐρυξίμαχον,</span> <span class='ocrx_word' id='word_1_270' title='bbox 1129 4227 1157 4297; x_wconf 81' lang='grc' dir='ltr'>εἰ</span> <span class='ocrx_word' id='word_1_271' title='bbox 1174 4220 1296 4317; x_wconf 91' lang='grc' dir='ltr'>βούλει·</span> <span class='ocrx_word' id='word_1_272' title='bbox 1322 4221 1491 4319; x_wconf 89' lang='grc' dir='ltr'>Σωκράτη</span> 
     </span>
     <span class='ocr_line' id='line_1_29' title="bbox 341 4348 1491 4447; baseline 0.001 -24"><span class='ocrx_word' id='word_1_273' title='bbox 341 4353 529 4423; x_wconf 75' lang='grc' dir='ltr'>ἐπαίνεσον.</span> <span class='ocrx_word' id='word_1_274' title='bbox 563 4355 641 4436; x_wconf 77' lang='grc' dir='ltr'>Πῶς</span> <span class='ocrx_word' id='word_1_275' title='bbox 660 4355 782 4445; x_wconf 81' lang='grc' dir='ltr'>λέγεις;</span> <span class='ocrx_word' id='word_1_276' title='bbox 806 4354 908 4429; x_wconf 87' lang='grc' dir='ltr'>,εἰπεῖν</span> <span class='ocrx_word' id='word_1_277' title='bbox 925 4348 981 4425; x_wconf 83' lang='grc' dir='ltr'>τὸν</span> <span class='ocrx_word' id='word_1_278' title='bbox 998 4349 1232 4445; x_wconf 87' lang='grc' dir='ltr'>Ἀλκιβιάδην·</span> <span class='ocrx_word' id='word_1_279' title='bbox 1258 4358 1348 4427; x_wconf 84' lang='grc' dir='ltr'>δοκεῖ</span> <span class='ocrx_word' id='word_1_280' title='bbox 1357 4359 1491 4447; x_wconf 80' lang='grc' dir='ltr'>χρῆναι,</span> 
     </span>
     <span class='ocr_line' id='line_1_30' title="bbox 342 4469 1514 4576; baseline -0.004 -25"><span class='ocrx_word' id='word_1_281' title='bbox 342 4469 603 4574; x_wconf 82' lang='grc' dir='ltr'>ύἘρνξίμαχε;</span> <span class='ocrx_word' id='word_1_282' title='bbox 631 4483 789 4573; x_wconf 78' lang='grc' dir='ltr'>ἐπιθύμαι</span> <span class='ocrx_word' id='word_1_283' title='bbox 808 4475 923 4575; x_wconf 84' lang='grc' dir='ltr'>τάνδρὶ</span> <span class='ocrx_word' id='word_1_284' title='bbox 943 4481 1003 4553; x_wconf 78' lang='grc' dir='ltr'>καί</span> <span class='ocrx_word' id='word_1_285' title='bbox 1026 4476 1261 4576; x_wconf 78' lang='grc' dir='ltr'>τιμωρήσωμαι</span> <span class='ocrx_word' id='word_1_286' title='bbox 1285 4475 1374 4572; x_wconf 79' lang='grc' dir='ltr'>ὑμῶν</span> <span class='ocrx_word' id='word_1_287' title='bbox 1401 4485 1514 4553; x_wconf 74' lang='grc' dir='ltr'>ἔνου-ο</span> 
     </span>
     <span class='ocr_line' id='line_1_31' title="bbox 341 4597 1492 4704; baseline 0.003 -26"><span class='ocrx_word' id='word_1_288' title='bbox 341 4609 428 4690; x_wconf 91' lang='grc' dir='ltr'>τίον;</span> <span class='ocrx_word' id='word_1_289' title='bbox 455 4597 579 4694; x_wconf 88' lang='grc' dir='ltr'>Ούτος,</span> <span class='ocrx_word' id='word_1_290' title='bbox 606 4603 711 4704; x_wconf 85' lang='grc' dir='ltr'>φάναι</span> <span class='ocrx_word' id='word_1_291' title='bbox 729 4604 783 4680; x_wconf 84' lang='grc' dir='ltr'>τὸν</span> <span class='ocrx_word' id='word_1_292' title='bbox 802 4604 986 4704; x_wconf 85' lang='grc' dir='ltr'>Σωκράτη,</span> <span class='ocrx_word' id='word_1_293' title='bbox 1015 4610 1048 4684; x_wconf 92' lang='grc' dir='ltr'>τί</span> <span class='ocrx_word' id='word_1_294' title='bbox 1066 4609 1098 4678; x_wconf 82' lang='grc' dir='ltr'>ἐν</span> <span class='ocrx_word' id='word_1_295' title='bbox 1117 4613 1159 4704; x_wconf 73' lang='grc' dir='ltr'>νῷ</span> <span class='ocrx_word' id='word_1_296' title='bbox 1181 4611 1279 4700; x_wconf 83' lang='grc' dir='ltr'>ἐχεις;</span> <span class='ocrx_word' id='word_1_297' title='bbox 1305 4609 1360 4681; x_wconf 83' lang='grc' dir='ltr'>ἐπὶ</span> <span class='ocrx_word' id='word_1_298' title='bbox 1375 4606 1422 4681; x_wconf 89' lang='grc' dir='ltr'>τά</span> <span class='ocrx_word' id='word_1_299' title='bbox 1439 4635 1492 4702; x_wconf 89' lang='grc' dir='ltr'>γε-</span> 
     </span>
     <span class='ocr_line' id='line_1_32' title="bbox 340 4731 1491 4832; baseline 0.001 -25"><span class='ocrx_word' id='word_1_300' title='bbox 340 4731 490 4831; x_wconf 80' lang='grc' dir='ltr'>λοιότερά</span> <span class='ocrx_word' id='word_1_301' title='bbox 508 4760 549 4828; x_wconf 87' lang='grc' dir='ltr'>με</span> <span class='ocrx_word' id='word_1_302' title='bbox 567 4738 745 4819; x_wconf 83' lang='grc' dir='ltr'>ἐπαινέοει;</span> <span class='ocrx_word' id='word_1_303' title='bbox 772 4732 795 4829; x_wconf 75' lang='grc' dir='ltr'><strong>ἧ</strong></span> <span class='ocrx_word' id='word_1_304' title='bbox 813 4737 848 4807; x_wconf 92' lang='grc' dir='ltr'>τί</span> <span class='ocrx_word' id='word_1_305' title='bbox 863 4732 1029 4827; x_wconf 74' lang='grc' dir='ltr'>ποιησειςς</span> <span class='ocrx_word' id='word_1_306' title='bbox 1056 4739 1085 4804; x_wconf 90' lang='grc' dir='ltr'>Τ</span> <span class='ocrx_word' id='word_1_307' title='bbox 1086 4731 1195 4828; x_wconf 78' lang='grc' dir='ltr'>άληθη</span> <span class='ocrx_word' id='word_1_308' title='bbox 1213 4737 1285 4830; x_wconf 82' lang='grc' dir='ltr'>ἐρῶ.</span> <span class='ocrx_word' id='word_1_309' title='bbox 1328 4731 1401 4807; x_wconf 71' lang='grc' dir='ltr'>ἀλλ’</span> <span class='ocrx_word' id='word_1_310' title='bbox 1419 4734 1491 4832; x_wconf 72' lang='grc' dir='ltr'>ἐ’ρσ,</span> 
     </span>
     <span class='ocr_line' id='line_1_33' title="bbox 341 4859 1564 4959; baseline 0.004 -23"><span class='ocrx_word' id='word_1_311' title='bbox 341 4865 371 4939; x_wconf 84' lang='grc' dir='ltr'>εί</span> <span class='ocrx_word' id='word_1_312' title='bbox 387 4864 517 4959; x_wconf 82' lang='grc' dir='ltr'>παρίης.</span> <span class='ocrx_word' id='word_1_313' title='bbox 568 4859 676 4936; x_wconf 87' lang='grc' dir='ltr'>Ἀλλά</span> <span class='ocrx_word' id='word_1_314' title='bbox 695 4868 803 4956; x_wconf 88' lang='grc' dir='ltr'>μέντοι</span> <span class='ocrx_word' id='word_1_315' title='bbox 819 4859 909 4958; x_wconf 91' lang='grc' dir='ltr'>τοίγ’</span> <span class='ocrx_word' id='word_1_316' title='bbox 930 4859 1200 4958; x_wconf 77' lang='grc' dir='ltr'>άληθῆπαρίημι</span> <span class='ocrx_word' id='word_1_317' title='bbox 1219 4863 1278 4935; x_wconf 90' lang='grc' dir='ltr'>καὶ</span> <span class='ocrx_word' id='word_1_318' title='bbox 1302 4859 1424 4938; x_wconf 82' lang='grc' dir='ltr'>κελεύω</span> <span class='ocrx_word' id='word_1_319' title='bbox 1441 4869 1492 4941; x_wconf 79' lang='grc' dir='ltr'>λί-</span> <span class='ocrx_word' id='word_1_320' title='bbox 1562 4867 1564 4872; x_wconf 74' lang='grc'><strong>’</strong></span> 
     </span>
    </p>
   </div>
   <div class='ocr_carea' id='block_1_5' title="bbox 0 0 1946 5700">
    <p class='ocr_par' dir='ltr' id='par_1_5' title="bbox 0 0 1946 5700">
     <span class='ocr_line' id='line_1_34' title="bbox 0 0 1946 5700; baseline 0 0"><span class='ocrx_word' id='word_1_321' title='bbox 0 0 1946 5700; x_wconf 95' lang='lat' dir='ltr'> </span> 
     </span>
    </p>
   </div>
  </div>
 </body>
</html>
