3850 5700
459 767 503 833 44
932 765 1141 821 nmmos

460 910 595 1001 βαθμοῖς
613 903 790 1002 χριόμενον,
818 904 876 1004 ἀφ’
897 905 968 993 ἐνὸς
987 909 1040 980 ἐπὶ
1058 904 1116 980 δύο
1141 908 1202 979 καὶ
1224 903 1291 980 άπὸ
1313 913 1398 981 δυεῖν
1422 908 1478 979 ἐπὶ
1500 903 1619 980 πάντα

459 1033 505 1107 τοὶ
522 1031 617 1106 καλοὶ
634 1032 795 1127 σώματα,
823 1036 884 1108 καὶ
899 1032 966 1107 άπὸ
986 1041 1050 1107 τοῖν
1068 1040 1179 1107 καλῶν
1199 1032 1361 1129 σωμάτων
1387 1035 1440 1107 ἐπὶ
1456 1032 1506 1107 τά
1520 1032 1618 1107 καλοὶ

459 1158 730 1254 ἐπιτηδεύματα,
764 1165 824 1235 καί
854 1160 921 1235 άπὸ
954 1169 1019 1234 τῶν
1049 1165 1162 1235 καλεῖν
1193 1160 1460 1256 ἐπιτηδευμάτων
1488 1164 1544 1234 ἐπὶ
1572 1159 1618 1234 τά

459 1287 553 1362 καλά
568 1286 771 1383 μαθήματα,
796 1292 858 1362 καὶ
880 1287 947 1362 άπὸ
968 1293 1034 1363 τιῖν
1052 1288 1256 1384 μαθημάτων
1280 1287 1327 1362 ἐπ’
1347 1294 1447 1362 ἐκεῖνο
1475 1287 1531 1387 [τὸ
1551 1286 1618 1383 μά-

460 1421 549 1511 θημα
565 1410 763 1518 τελευτήσῃ]
785 1416 802 1490 ό
821 1421 909 1490 ἐστιν
926 1414 990 1489 οθκ
1007 1415 1110 1490 άλλου
1127 1416 1151 1508 ἤ
1168 1414 1272 1490 αὐτοῦ
1289 1420 1411 1493 ἐκείνου
1428 1409 1489 1491 τοιῖ
1503 1421 1618 1490 καλοῦ

460 1542 615 1640 μάθημα·
641 1544 705 1617 κάν
722 1551 787 1642 γνῷ
815 1541 897 1617 αότό
922 1549 1081 1618 τελευτῶν
1105 1542 1211 1617 ὃέστι
1234 1542 1356 1635 καλόν,
1383 1548 1529 1618 ἐνταῦθα
1556 1550 1617 1619 τοό

460 1676 539 1767 βίου,
567 1667 592 1745 ὦ
610 1675 683 1769 φιλε
699 1671 894 1769 Σώκρατες,
921 1677 985 1769 ἐφη
1002 1669 1025 1766 ἡ
1041 1672 1225 1767 Μαντινικὴ
1245 1673 1337 1765 ξένη,
1363 1675 1450 1768 είπερ
1471 1698 1537 1746 που
1554 1670 1642 1745 ‹lx-a

458 1806 543 1892 λοθι,
570 1798 681 1895 βιωτὸν
708 1797 878 1901 άνθρόπῳ,
905 1804 1049 1901 θεωμένῳ
1077 1797 1160 1874 αότὸ
1183 1797 1221 1874 τό
1247 1797 1377 1926 καλόν.Δ
1412 1796 1520 1923 ὃρέάν
1541 1797 1615 1874 ποτ’

458 1931 551 2022 ίδης,
577 1925 615 2000 οὐ
632 1926 724 2002 κατά
744 1932 873 2024 χρυσίον
892 1955 929 2002 τε
944 1930 1004 2001 καὶ
1021 1932 1148 2022 ἐσθῆτα
1169 1930 1229 2001 καί
1246 1924 1323 2014 τοὺς
1340 1924 1464 2013 καλοὺς
1485 1924 1618 2015 παῖδάς

458 2084 496 2129 τε
511 2058 571 2129 καὶ
587 2059 776 2143 νεανίσκους
792 2053 879 2144 δόξει
894 2083 945 2129 σοι
961 2053 1055 2147 είναι,
1081 2052 1137 2141 οθς
1154 2061 1212 2129 νιῖν
1232 2052 1311 2152 ὁρῶν
1329 2055 1540 2148 ἐκπέπληξαι
1555 2058 1619 2130 καὶ

460 2188 584 2277 ἕτοιμος
608 2181 637 2256 εί
660 2185 719 2256 καὶ
742 2182 783 2257 σθ
808 2186 868 2257 καί
894 2182 989 2256 ἄλλοι
1007 2186 1121 2256 πολλοί
1127 2237 1136 2273 ,
1164 2180 1298 2280 ὁρῶντες
1319 2179 1365 2255 τά
1384 2180 1527 2256 παιδικά
1555 2185 1619 2257 καὶ

460 2308 606 2400 ξυνόντες
625 2309 679 2385 άεὶ
698 2309 828 2402 αθτοῖς,
853 2315 882 2383 εἴ
905 2338 975 2397 πως
997 2308 1059 2383 οίόν
1083 2308 1111 2384 τ’
1136 2303 1197 2404 ἧν,
1223 2307 1298 2406 μήτ’
1320 2312 1432 2383 ἐσθίειν
1449 2307 1538 2404 μήτε
1564 2313 1619 2384 πί-

459 2466 532 2530 νειν,
559 2436 650 2512 άλλά
666 2443 798 2512 θεᾶσθαι
814 2436 906 2536 μόνον
924 2441 985 2511 καὶ
1003 2439 1170 2526 ξυνεῖναι·
1188 2440 1223 2511 τί
1236 2442 1338 2532 δῆτα,
1365 2442 1440 2534 θφη,
1468 2436 1641 2533 οῖόμεθαε

459 2570 488 2639 εί
505 2595 550 2667 τῳ
567 2573 689 2661 γένοιτο
706 2563 790 2640 αὐτὸ
809 2565 847 2639 τό
868 2565 970 2639 καλόν
990 2571 1065 2640 ίδεῖν
1083 2570 1257 2664 εἰλικρινές,
1281 2563 1436 2663 καθαρόν,
1456 2562 1616 2660 ἄμικτον,

460 2691 550 2766 άλλά
575 2694 621 2787 μὴ
640 2691 811 2767 άνάπλεων
831 2701 967 2789 σαρκῶν
987 2692 1015 2766 τ’
1036 2691 1238 2791 ἀνθρωπίνων
1260 2695 1321 2767 καὶ
1344 2690 1527 2790 χρωμάτων
1556 2696 1619 2767 καὶ

461 2820 567 2915 άλλης
585 2827 708 2916 πολλῆς
724 2825 890 2920 φλυαρίας
906 2827 1041 2917 θνητῆς
1070 2816 1157 2925 [ἀλλ’
1177 2819 1261 2896 αθτό
1279 2818 1317 2896 τό
1334 2825 1412 2895 θεῖον
1431 2818 1540 2895 καλὸν
1560 2819 1618 2897 δό-

459 2978 551 3025 ναιτο
577 2953 734 3046 μονοειδές
762 2957 906 3025 κατιδεῖν
915 2949 941 3048 ;]
970 2945 1020 3048 ἄρ’
1049 2953 1124 3041 οίει,
1151 2955 1234 3047 ἐφη,
1261 2954 1387 3047 φαῦλον
1412 2931 1618 3046 βίονγίγνε·
1697 3040 1703 3059 „

400 3099 450 3146 ιιι
460 3083 536 3152 σθαι
562 3084 665 3152 ἐκεῖσε
690 3084 863 3173 βλέποντος
887 3075 1058 3175 άνθριίπου
1086 3075 1219 3151 κάκεῖνο
1246 3070 1270 3176 ᾧ
1296 3085 1348 3152 δεῖ
1369 3082 1527 3173 θεωμένου
1555 3081 1642 3181 καὶ.
1695 3176 1701 3191 1

460 3205 609 3295 ξυνόντες
623 3205 734 3306 αθτῷς
761 3202 864 3299 ἧοιῖκ
878 3210 1014 3299 ἐνθυμεῖ,
1042 3210 1117 3302 ἐφη,
1143 3205 1195 3279 ότι
1212 3202 1338 3279 ἐνταόθ
1357 3203 1449 3305 αὐτῷ
1466 3202 1657 3303 μόναχοῦ””

458 3332 644 3429 γενήσεται,
672 3331 785 3432 ὁρῶντι
803 3326 827 3433 ᾧ
846 3329 1017 3430 ὁρατόψ·τό
1037 3331 1151 3422 καλόν,
1177 3336 1298 3407 τίκτειν
1316 3330 1379 3407 οιίκ
1397 3337 1520 3407 είδωλα
1537 3331 1618 3433 άρε·

409 3478 412 3486 “
459 3468 538 3556 τῆς,
565 3460 616 3534 ἅτ’
637 3460 698 3535 οόκ
714 3460 846 3535 είδιθλου
865 3467 1091 3565 ἐφαπτομένῳ,
1118 3459 1189 3535 ἀλλ’
1212 3459 1340 3555 α’ληθῆ,
1367 3459 1430 3536 άτε
1445 3465 1507 3534 τοῦ
1527 3458 1617 3556 άλη-

459 3595 532 3676 θοῦς
558 3594 790 3690 ἐφαπτομένῳς
824 3588 953 3663 τεκόντι
980 3587 1007 3662 δ’
1039 3586 1162 3686 άρετην
1193 3588 1301 3683 άληθῆ
1332 3591 1392 3662 καί
1414 3567 1616 3690 θρεψαμένῳ

459 3715 597 3814 ὑπάρχει
613 3723 752 3813 θεοφιλεῖ
766 3722 914 3813 γενέσθαι
928 3721 1006 3809 καί,
1033 3721 1120 3814 ε’ίπερ
1139 3745 1185 3818 τῳ
1204 3716 1295 3815 άλλῳ
1311 3714 1503 3814 ἀνθρώπων,
1530 3715 1617 3793 α’θα·

459 3843 548 3946 νάτῳ
574 3840 759 3957 κάκείνιω
773 3850 894 3919 Ταῦτα
917 3843 979 3939 δή,
1007 3839 1031 3919 ιθ
1051 3850 1179 3942 Φαιδρέ
1203 3873 1240 3918 τε
1263 3847 1322 3918 καὶ
1348 3847 1377 3918 οἱ
1399 3843 1510 3934 ἄλλοι,
1548 3842 1643 3945 ίφηι,

460 3976 517 4067 μέν
539 3976 695 4067 Διοτίμα,
723 3979 900 4066 πέπεισμαι
918 3971 945 4046 δ’
971 3971 1049 4066 ἐγώ·
1076 3979 1287 4069 πεπεισμένος
1306 3975 1343 4046 δὲ
1364 3977 1528 4070 πειριξμαι
1554 3976 1617 4047 καὶ
1693 4063 1698 4069 ι

459 4101 536 4187 τοιλς
560 4100 685 4188 ἄλλους
704 4104 836 4191 πείθειν,
857 4100 913 4174 ότι
937 4099 1054 4175 τούτου
1075 4107 1136 4173 τοῦ
1155 4097 1328 4195 κτήματος
1353 4105 1398 4195 τῇ
1425 4096 1617 4202 ἀνθρωπείῳ

460 4228 554 4326 φύσει
573 4227 724 4325 συνεργόν
744 4225 866 4321 άμείνω
882 4227 1033 4324 Ἔρωτος
1054 4226 1116 4301 οθκ
1134 4226 1178 4301 άν
1196 4256 1246 4314 τις
1265 4215 1384 4328 ῥηιδίως
1400 4224 1510 4331 λάβση
1566 4228 1617 4305 διὸ

459 4357 501 4452 δὴ
520 4362 622 4452 ἔγωγέ
639 4384 724 4452 φημι
740 4363 858 4453 χρῆναι
875 4354 970 4429 πάντ’
989 4353 1096 4453 άνδρα
1111 4354 1166 4430 τόν
1179 4354 1319 4452 Ἔρωτα
1335 4359 1447 4450 τιμάν,
1472 4311 1537 4430 άᾶλ
1553 4355 1618 4432 αθ-

337 4481 340 4486 ’
459 4483 516 4570 τὸς
540 4493 633 4577 τιμιῖ.
687 4484 733 4558 τά
759 4483 787 4558 δ’
812 4483 954 4579 ἐρωτικά
979 4487 1038 4557 καὶ
1064 4481 1281 4581 διαφερόντως
1307 4481 1423 4575 άσκιῖ,
1455 4485 1518 4558 καί
1544 4494 1619 4574 τοῖς

460 4611 572 4698 άλλοις
589 4610 873 4708 παρακελεύομαι,
900 4615 959 4686 καὶ
977 4619 1032 4684 νῦν
1049 4639 1086 4685 τε
1108 4614 1167 4685 καὶ
1185 4610 1239 4685 άεὶ
1261 4609 1453 4707 ἐγκωμιάζω
1475 4611 1541 4704 τὴν
1559 4612 1620 4689 δύο

395 4746 397 4750 ’
460 4744 555 4833 ναμίν
572 4769 609 4814 τε
625 4743 685 4813 καὶ
698 4744 805 4836 χρείαν
823 4748 881 4814 τοῦ
901 4740 1051 4838 Ἔρωτος
1067 4739 1140 4813 καθ’
1159 4739 1233 4813 όσον
1251 4737 1316 4825 οίός
1333 4736 1362 4812 τ’
1382 4743 1457 4835 εἰμί
1486 4746 1620 4819 Τοῦτον

461 4862 597 4942 οὖντὸν
625 4866 736 4960 λόγον,
772 4862 967 4965 ὦΦαιδρε,
1002 4871 1030 4940 εί
1058 4870 1114 4963 μέν
1144 4866 1268 4961 βοόλει,
1300 4865 1343 4954 ὦς
1372 4864 1534 4965 ἐγκώμιον
1571 4876 1642 4962 εῖςο
