3850 5700
699 747 702 754 ⁴
786 751 1017 806 ΣΥΜΠΟΣΙΟΝ.
1435 749 1480 816 45

325 891 517 992 ἩΕφωτα
485 922 614 990 νομισον
636 849 802 991 εἰρῆσθαι,
828 920 857 966 ει
845 896 925 982 δ’έ,
954 883 972 965 6
997 920 1030 965 τι
1049 894 1110 965 καὶ
1128 890 1196 987 ‘6999
1218 893 1339 989 χαίρεις
1360 886 1480 983 ὄνομά.

325 1032 404 1112 ζων,
430 1020 520 1097 τοῦτ’
549 1020 696 1116 σ’νίμαζε.
1208 1103 1213 1114 ,

402 1154 511 1224 XXX.
549 1148 708 1236 Εἰπόντος
724 1152 761 1223 δέ
777 1155 964 1222 ταῦταποῦ
980 1147 1191 1245 Σωκράτους,
1219 1145 1296 1233 τούς
1313 1149 1370 1241 μὲν
1386 1150 1485 1218 ἐπαι-·

324 1288 400 1370 νεῖν,
418 1278 473 1352 τὸν
491 1276 518 1352 δ’
536 1274 761 1376 Ἀριστοφάνη
777 1283 880 1373 λέγειν
894 1304 927 1349 τι
944 1281 1120 1374 ἐπιχειρεῖν,
1140 1275 1192 1349 ὅτι
1207 1272 1352 1370 ἐμνήσθη
1371 1271 1476 1347 αύτού

325 1413 427 1501 λέγων
451 1404 466 1479 6
485 1404 673 1503 Σωκράτης
692 1407 839 1502 περὶτοῦ
859 1402 977 1499 λόγου·
1011 1406 1072 1477 καὶ
1089 1390 1245 1501 ἐξαίφνης
1268 1380 1329 1495 τῆν
1350 1400 1478 1491 αύλειον

325 1532 424 1632 θύραν
449 1539 644 1631 κρουομένην
670 1530 771 1606 πολύν
791 1529 897 1631 ψάφων
918 1540 1117 1629 παρασχεῖν,
1144 1533 1203 1607 καὶ
1224 1528 1268 1617 ὦς
1293 1534 1479 1624 κωμαστῶν
1521 1515 1527 1540 Ι

320 1662 387 1758 καὶ
408 1660 608 1758 αὐλητρίδος
631 1659 741 1758 φωνὴν
766 1658 906 1733 ἀκούειν.
959 1659 1016 1733 τὸν
1044 1653 1100 1734 969
1124 1657 1314 1754 Ἀγάθωνα,
1341 1662 1505 1747 Παῖδες,σ

324 1787 448 1888 φάναι,
476 1786 512 1862 ού
533 1791 707 1885 σκέψεσθες
734 1786 798 1861 κάν
819 1794 875 1883 μέν
897 1816 948 1875 τις
970 1796 1034 1862 969
1056 1790 1243 1881 ἐπιτηδείων
1261 1780 1303 1883 6,
1331 1790 1478 1860 καλεῖτε·

324 1919 407 2069 9665
424 1915 483 2028 μῆ,
505 1921 630 2037 λέγετε,
657 1915 708 1989 ’ὅτι
723 1912 760 1990 ού
781 1918 927 2012 πίνομεν,
954 1914 1025 1990 ἀλλ’
1043 1912 1265 2009 άναπαυὸμεθ
1292 1913 1377 2009 ἤδη·
1412 1916 1481 1988 Καὶ

323 2043 364 2119 99’
387 2042 516 2118 πολύ”
496 2071 629 2141 υστερον
650 2041 863 2138 Ἀλκιβιάδου
884 2042 944 2138 τῆν
970 2041 1079 2140 φωνῆν
1101 2041 1231 2117 άκούειν
1259 2048 1291 2115 ἐν
1317 2050 1361 2139 τῆ
1389 2040 1479 2137 αύλῆ

292 2259 294 2264 Ι
323 2170 455 2293 σφόδρα
472 2169 642 2291 μεθύοντος
658 2174 718 2244 καὶ
736 2178 824 2266 μέγα
841 2177 981 2265 βοῶντος
997 2171 1238 2268 ἐρωτῶντος,”
1224 2198 1303 2245 οπου
1319 2168 1424 2266 Ἀγά
1426 2199 1479 2253 ων,

322 2327 387 2374 και
373 2270 590 2387 κελεύοντάς
607 2285 731 2394 ἐάγειν
752 2297 827 2396 παρ’
848 2296 1031 2410 Ἀγάθωνα
1085 2292 1229 2395 οἴγειν
1194 2327 1248 2373 ουν
1268 2296 1369 2373 αύτὸν
1386 2295 1480 2395 παροὶ

322 2433 418 2525 σφοῖς
446 2424 504 2521 τῆν
534 2425 561 2500 τ’
587 2424 775 2525 αύλητρίδα
802 2424 1037 2521 ὑπολαβοῦσαν
1064 2429 1124 2499 καὶ
1151 2426 1272 2514 άλλους
1297 2425 1389 2513 τινάς
1414 2433 1479 2499 969

323 2553 527 2644 ἀκολούθων,
555 2583 616 2628 και
603 2557 807 2649 ἐπιστῆναι
826 2557 881 2628 ἐπι
898 2552 961 2642 τοὶς
982 2551 1081 2652 θύρας
1098 2560 1358 2651 ἐστεφανωμένον
1377 2552 1478 2628 αύτθν

322 2709 439 2757 κιττου
425 2689 494 2756 τέ
512 2710 573 2756 τινι
591 2680 744 2783 στεφάνῳ
766 2688 864 2756 δασεῖ
886 2685 986 2756 καί”
974 2711 1048 2774 ιων,
1074 2710 1134 2757 και
1156 2686 1287 2771 ταινίας
1308 2680 1467 2788 ἔχοντ’π
1426 2687 1442 2755 ἐ
1442 2686 1501 2756 πίε

321 2817 390 2904 τῆς
405 2815 555 2908 κεφαλῆς
577 2808 665 2884 πάνυ
686 2808 829 2902 πολλάς,
856 2839 916 2886 και
903 2812 1052 2902 εἰπεῖν,
1070 2809 1224 2910 Ανδρες,
1251 2789 1396 2909 χαίρετε·
1424 2839 1479 2906 με-

322 2937 445 3012 θύοντα
461 2937 568 3036 ἄνδρα
583 2937 670 3012 πάνυ
688 2937 816 3036 σφόδρα
832 2941 943 3049 δέξεφθ
945 2968 960 3013 ε
945 2936 1165 3062 συμπίντην,
1191 2967 1215 3033 η
1199 2937 1419 3035 άπίωμεν’
1397 2967 1479 3013 οινα

320 3064 486 3161 δήσαντες
505 3065 597 3161 μύνον
611 3063 797 3161 Ἀγάθωνα,
824 3065 907 3164 59’‘'
892 3094 968 3164 οπερ
984 3062 1045 3163 ῆλθ
1046 3096 1138 3164 ομεν;
1165 3064 1227 3162 596
1243 3066 1309 3164 969
1324 3095 1387 3157 τοι,
1413 3065 1479 3164 φά-

320 3222 399 3286 ναι,
423 3197 494 3290 χθὲς
515 3197 571 3290 μὲν
596 3192 655 3291 οὐχ
672 3190 820 3282 οίίςτ’ἐ
820 3192 960 3291 γενόμην
981 3193 1174 3292 άφικέσθαι,
1200 3202 1256 3269 969
1281 3193 1351 3269 δ’“
1328 3222 1401 3290 ηκω
1426 3199 1480 3269 ἐπί

321 3329 371 3418 τῆ
396 3328 528 3420 κεφαλῆ
555 3327 634 3418 ἔχων
653 3321 717 3410 τοὶς
735 3327 881 3428 ταινίας,
909 3321 943 3396 ίν’
970 3321 1037 3397 άπὸ
1055 3330 1118 3416 τῆς
1135 3313 1217 3419 ἐμῆς
1241 3330 1393 3421 κεφαλῆς
1418 3323 1479 3419 τῆν

321 3457 386 3524 τοῦ
405 3449 601 3548 σοφωτάτου
619 3477 680 3524 και
667 3454 875 3525 καλλίστου
896 3449 1107 3602 κεφμλῆν,’
1086 3451 1223 3526 999969
1241 3450 1371 3543 οὑτωσί,
1399 3452 1480 3526 9599-

241 3576 427 3672 2186699.
468 3570 554 3699 699
557 3577 834 3679 καταγελάσεσθε
860 3606 921 3673 μου
948 3575 991 3666 ως
1017 3577 1202 3674 μεθύοντος·
1235 3577 1298 3676 ἐγω
1330 3583 1383 3671 δέ,
1416 3579 1505 3655 κάν.

320 3704 419 3800 ύμείς
435 3688 618 3801 γελοίτε,“
602 3734 688 3803 ομως
711 3734 747 3781 ευ
734 3699 857 3780 οἶδ’“
840 3734 891 3781 οτι
910 3705 1078 3801 α’ληθῆέ
1041 3713 1135 3802 λέγω
1189 3704 1281 3781 άλλά
1300 3735 1353 3802 μοι
1370 3713 1482 3804 λέγετε

322 3830 479 3925 αύτίθεν,
507 3837 561 3908 ἐπὶ
581 3839 691 3931 ῥητοῖς
707 3837 815 3926 είσίω,
840 3833 864 3928 6
885 3833 951 3930 963
987 3839 1181 3931 συμπίεσθε,
1206 3835 1229 3930 6
1249 3835 1326 3941 ⁰¹3³]
1344 3834 1483 3922 Πάντας

323 3953 383 4036 969
405 3960 726 4059 άναθοφυβῆσαικαὶ
742 3961 882 4038 κελεύειν
900 3967 1033 4037 είσιέναι
1050 3966 1109 4036 καὶ
1126 3968 1395 4055 κατακλίνεσθαι,
1422 3966 1482 4037 καὶ

321 4087 385 4163 τὸν
403 4087 575 4184 Ἀγάθωνα
593 4097 705 4165 καλεῖν
724 4088 835 4166 αύτίν.
889 4094 949 4165 καὶ
969 4088 1024 4166 τὸν
1049 4095 1131 4165 ίέναι
1150 4090 1307 4187 ἀγάμενον
1325 4085 1392 4165 ύπθΙ
1416 4099 1481 4165 τῶν

323 4214 519 4313 άνθριίπων,
556 4221 616 4292 καὶ
643 4216 902 4316 περιαιρούμενον
935 4219 1010 4315 ἅμα
1032 4216 1098 4304 τοὶς
1126 4222 1257 4306 ταινίας
1283 4217 1326 4305 ὦς
1356 4217 1482 4314 άναδῆ-

324 4371 447 4435 σοντα,
473 4350 641 4444 ἐπίπροσθε
668 4354 732 4420 των
761 4345 934 4444 ὀφθαλμῶν
960 4352 1078 4442 ἔχοντα
1103 4345 1140 4422 96
1164 4355 1308 4421 κατιδεῖν
1334 4344 1389 4421 τὸν
1408 4353 1482 4421 Σω-

323 4470 456 4570 κράτη,
483 4472 575 4548 άλλιὶ
592 4478 778 4564 καθίζεσθαι
799 4474 892 4572 παρὰ
911 4473 968 4549 τὸν
985 4472 1161 4569 Ἀγάθωνα
1180 4480 1212 4548 ἐν
1236 4482 1324 4576 9599
1343 4473 1507 4573 Σωκρά-υ

324 4626 407 4688 τους
421 4629 458 4674 τε
474 4600 647 4677 κάκείνου·
673 4611 915 4803 παραχωρῆσαι
936 4602 1002 4757 γάρ
1020 4602 1074 4677 τὸν
1093 4601 1263 4700 Σωκράτη
1284 4601 1344 4702 [ὦς
1362 4608 1481 4677 ἐκεῖνον

284 4824 287 4829 Ι
325 4732 426 4818 καθίζ
408 4723 495 4831 ζ.ειν]
532 4757 674 4829 παροικα
674 4729 782 4825 θεζίμε
708 4729 885 4819 ζενονδ’
907 4727 1008 4806 αύτὸν
1027 4727 1236 4818 ἀσπάζεσθαί
1199 4758 1289 4805 αιτε
1305 4731 1359 4807 τὸν
1379 4730 1483 4827 Ἀγά-

325 4864 416 4933 θωνα
434 4886 495 4934 και
482 4857 651 4946 ἀναδεῖν
687 4852 841 4934 εἰπεῖν
805 4886 860 4933 999
876 4858 931 4934 τὸν
947 4856 1132 4955 Ἀγάθωνα,
1148 4857 1335 4950 Υπολύετε,
1354 4866 1483 4947 παδες
