3850 5700
404 771 447 839 20
879 768 1085 824 nAAToNoz

304 949 313 964 ·
403 916 504 1007 γίστη
520 909 712 1006 εὐδαιμονία
736 909 777 983 ἀν
799 917 846 1008 τῷ
868 908 1051 1011 ἀνθρωπείῳ
1069 917 1152 1004 γένει
1173 913 1233 1003 είη.
1287 909 1350 1005 ἐγω
1370 903 1426 984 ούν
1448 908 1563 1007 πειρά-

404 1067 507 1134 σομαι
522 1037 597 1133 ύμῖν
614 1036 855 1133 εἰσηγήσασθαι
872 1037 932 1131 τήν
948 1036 1085 1133 δύναμιν
1105 1036 1222 1127 αύτού,
1250 1035 1342 1131 ὑμεῖς
1358 1042 1396 1112 δὲ
1413 1045 1481 1111 τῶν
1501 1035 1562 1110 ἀλ-

403 1176 467 1241 λων
482 1164 678 1239 διδάσκαλοι
699 1170 815 1239 ἐσεσθε.
861 1174 915 1239 δεῖ
932 1170 969 1239 δὲ
985 1174 1109 1263 πρῶτον
1128 1164 1218 1261 ύμάς
1234 1172 1344 1260 μαθεῖν
1361 1165 1424 1257 τήν
1440 1164 1562 1262 ἀνθρω-

404 1300 499 1388 πίνην
524 1292 620 1392 φύσιν
644 1295 703 1366 καί
725 1292 771 1366 τοὶ
797 1292 983 1388 παθήματα
1009 1291 1125 1389 αύτής.
1175 1291 1218 1365 ‘H
1244 1293 1309 1391 γάρ
1330 1291 1439 1366 πάλαι
1466 1292 1561 1388 ήμῶν

404 1420 501 1520 φύσις
523 1420 582 1516 ούχ
602 1420 624 1513 ἡ
645 1418 734 1517 αύτή
750 1414 791 1513 ήν
810 1421 893 1519 ἥπερ
912 1426 989 1508 νύν,
1017 1419 1089 1494 ἀλλ’
1110 1420 1246 1495 ἀλλοία·
1274 1428 1398 1519 πρῶτον
1418 1424 1478 1517 μὲν
1497 1419 1562 1517 γάρ

317 1544 324 1558 ’
404 1548 466 1648 τρί’
483 1543 524 1645 ήν
541 1549 586 1623 τοὶ
602 1557 681 1645 γένη
697 1548 743 1622 τοὶ
761 1557 824 1622 τοῖν
849 1547 1040 1646 ἀνθρώπων,
1067 1546 1127 1644 ούχ
1151 1549 1257 1647 ὥσπερ
1275 1554 1333 1623 νύν
1355 1545 1434 1639 δύο,
1463 1547 1562 1646 ἀρρεν

403 1681 464 1754 καὶ
485 1684 585 1772 θήλυ,
614 1675 704 1750 ἀλλὰ
725 1680 786 1750 καί
804 1682 911 1773 τρίτον
935 1684 1059 1773 προσήν
1078 1676 1179 1750 κοινὸν
1206 1676 1239 1750 ὂν
1266 1676 1460 1775 ἀμφοτέρων
1488 1675 1564 1750 τού-

403 1835 479 1897 των,
506 1797 543 1879 ού
560 1812 616 1877 νύν
634 1802 736 1900 ύνομα
753 1803 875 1896 λοιπὸν,
898 1803 988 1879 αύτό
1006 1802 1032 1878 δ’
1053 1802 1253 1902 ἠφάνισται·
1280 1802 1480 1902 ἀνδρόγυνον
1495 1804 1585 1901 γάρο

403 1941 435 2008 ἓν
451 1932 527 2007 τύτε
548 1936 603 2027 μὲν
621 1926 661 2024 ήν
681 1936 741 2006 καὶ
759 1931 842 2019 είδος
859 1936 918 2006 καὶ
934 1930 1037 2027 ὄνομα
1057 1934 1092 2021 ἐξ
1115 1931 1306 2031 ἀμφοτέρων
1325 1932 1430 2007 κοινὸν
1448 1933 1560 2008 τοῦτ’

404 2061 534 2160 άρφενος
553 2064 613 2134 καί
637 2059 765 2156 θήλεος,
792 2065 847 2133 νύν
872 2058 899 2133 δ’
926 2058 986 2133 ούκ
1011 2065 1096 2133 ἐστιν
1116 2058 1189 2133 ἀλλ’
1216 2060 1240 2153 ή
1264 2066 1296 2134 ἐν
1322 2061 1435 2135 θνειδει
1456 2060 1564 2156 ὄνομα

404 2193 559 2283 κείμενον.
598 2186 694 2261 ἔπειθ’
709 2188 782 2262 θλον
802 2182 842 2282 ήν
861 2186 1006 2261 ἑκάστου
1024 2194 1083 2261 τοῦ
1101 2186 1321 2286 ἀνθρώπουτὸ
1342 2187 1426 2277 είδος
1445 2217 1564 2287 στρογ-

403 2314 520 2413 γύλον,
548 2324 647 2390 νιῖτον
675 2320 735 2389 καί
760 2315 902 2414 πλευράς
927 2314 1038 2417 κύκλῳ
1065 2321 1145 2412 ἕχον.
1199 2328 1308 2415 χεῖρας
1330 2320 1367 2391 δὲ
1392 2324 1564 2414 τέτταρας

403 2443 484 2541 εἶχε,
512 2448 571 2517 καὶ
592 2443 639 2517 τοὶ
659 2450 762 2537 σκέλη
785 2447 846 2516 ίσα
866 2452 941 2530 ταῖς
957 2449 1064 2542 χερσί,
1090 2448 1150 2518 καὶ
1173 2444 1334 2543 πρόσωπα
1351 2443 1404 2518 δύ’
1427 2444 1480 2519 ἐπ’
1504 2443 1564 2519 αύ-

344 2579 468 2668 ινοχένι
484 2578 689 2668 κυκλοτερεῖ,
716 2570 814 2665 ὅμοια
831 2570 958 2667 πάντη·
987 2571 1134 2669 κεφαλήν
1159 2570 1186 2645 δ’
1205 2570 1253 2646 ἐπ’
1274 2571 1476 2671 ἀμφοτέροις
1492 2583 1586 2660 τοῖς.

402 2698 584 2797 προσείποις
603 2703 757 2786 ἐναντίοις
775 2706 929 2795 κειμένοις
948 2704 1037 2795 μίαν,
1064 2704 1124 2774 καῖ
1143 2694 1215 2774 ὦτα
1232 2708 1397 2799 τέτταρα,
1425 2706 1492 2775 καὶ
1509 2707 1562 2775 αί-

400 2834 477 2902 δσία
501 2825 576 2919 δύο,
603 2830 663 2901 καί
686 2820 796 2901 τᾶλλα
820 2826 911 2901 πάνθ’
933 2826 976 2915 ὦς
999 2808 1067 2903 ἀπὸΙ
1092 2828 1214 2904 τούτων
1240 2828 1281 2904 ἀν
1307 2859 1356 2918 τις
1384 2828 1560 2905 εἰκάσειεν.

401 2955 568 3055 ἐπορεύετο
589 2960 626 3030 δέ
648 2959 708 3030 καὶ
730 2955 818 3054 ὀρθὸν
840 2956 946 3054 ὅσπερ
967 2964 1043 3046 νύν,
1072 2955 1253 3055 ὁποτέρωσε
1278 2962 1471 3052 βουληθείη·
1500 2964 1563 3033 καί

400 3082 500 3159 ὁπύτε
518 3083 603 3180 ταχύ
621 3072 769 3182 ὁρμήσειε
789 3090 868 3175 θεῖν,
896 3084 1004 3182 ὥσπερ
1026 3089 1056 3159 οἱ
1080 3091 1298 3180 κυβιστῶντες
1321 3090 1366 3173 εἰς
1392 3084 1485 3183 ὀρθὸν
1514 3087 1563 3161 τὰ

401 3219 502 3306 σκέλη
526 3211 765 3310 περιφερόμενοι
788 3211 983 3311 [κυβιστῶσι
1008 3211 1156 3315 κύκλῳ],
1182 3212 1268 3287 ὀκτῶ
1291 3212 1357 3288 τότ’
1385 3208 1463 3290 ούσι
1490 3225 1563 3303 τοῖς

401 3348 527 3434 μέλεσιν
546 3337 784 3436 ἀπερειδίμενοι
802 3339 886 3436 ταχύ
906 3345 1056 3438 ἐφέροντο
1074 3339 1194 3443 κύκλῳ.
1248 3335 1288 3436 ήν
1311 3345 1348 3415 δὲ
1364 3342 1422 3415 διά
1440 3351 1564 3419 ταύτα

400 3471 476 3564 τρία
493 3466 539 3541 τά
555 3473 632 3562 γένη
651 3470 711 3541 καὶ
728 3472 887 3558 τοιαῦτα,
914 3468 966 3542 ὅτι
983 3468 1021 3542 τὸ
1039 3473 1095 3564 μὲν
1117 3469 1211 3567 ἀρρεν
1234 3464 1274 3563 ήν
1296 3477 1355 3543 τού
1376 3468 1475 3564 ήλίου
1496 3471 1589 3566 τήνω

400 3592 503 3691 ἀρχήν
522 3600 670 3691 ἔκγονον,
696 3595 733 3669 τὸ
754 3599 790 3669 δέ
812 3601 892 3691 θήλυ
913 3601 977 3692 τῆς
998 3602 1081 3692 γῆς,
1108 3596 1145 3671 τὸ
1160 3597 1187 3670 δ’
1207 3597 1399 3696 ἀμφοτέρων
1420 3607 1562 3695 μετέχον

399 3729 462 3817 τῆς
478 3721 634 3817 σελήνης,
661 3723 712 3797 ’ότι
731 3728 789 3798 καὶ
809 3722 832 3818 ή
854 3722 975 3819 σελήνη
995 3724 1185 3823 ἀμφοτέρων
1209 3733 1341 3822 μετέχει.
1395 3735 1560 3826 περιφερῆ
1609 3820 1612 3825 Ι

399 3855 436 3924 δὲ
459 3849 503 3944 δή
525 3845 565 3943 ήν
591 3854 650 3924 καί
674 3850 766 3925 αύτά
789 3855 848 3926 καὶ
870 3851 892 3948 ή
917 3856 1031 3950 πορεία
1053 3852 1162 3928 αύτων
1185 3853 1243 3929 διά
1262 3853 1299 3928 τὸ
1317 3863 1386 3940 τοῖς
1407 3863 1561 3950 γονεῦσιν

400 3977 497 4073 ὅμοια
514 3977 604 4052 εἶναι.
657 3973 696 4073 ήν
722 3974 777 4053 σύν
797 3979 856 4076 τήν
876 3979 966 4076 ἰσχύν
988 3980 1080 4054 δεινά
1101 3985 1161 4054 καὶ
1181 3980 1242 4076 τήν
1265 3979 1393 4078 ῥύμην,
1420 3987 1486 4057 καὶ
1512 3984 1562 4059 τὰ

399 4105 596 4205 φρονήματα
620 4105 752 4203 μεγάλα
770 4106 869 4203 εἶχον,
897 4112 1107 4206 ἐπεχείρησαν
1124 4113 1160 4182 δὲ
1176 4118 1245 4196 τοῖς
1264 4115 1360 4197 θεοῖς,
1388 4114 1452 4184 καὶ
1472 4111 1490 4187 ὃ
1506 4119 1561 4188 λέ-

398 4233 603 4333 γειὍμηρος
620 4238 691 4333 περὶ
705 4234 888 4332 Ἐφιάλτου
906 4265 942 4310 τε
958 4234 1146 4327 καίὮτου,
1174 4241 1241 4334 περ’
1262 4243 1389 4311 ἐκείνων
1407 4244 1560 4336 λέγεται,

399 4360 437 4436 τὸ
456 4366 501 4449 είς
518 4361 572 4436 τὸν
591 4361 726 4460 ούρανὸν
746 4362 908 4458 ἀνάβασιν
927 4370 1092 4462 ἐπιχειρεῖν
1110 4374 1227 4456 ποιεῖν,
1256 4363 1299 4453 ὦς
1315 4371 1580 4465 έπιθησομένωνι
1611 4456 1614 4463 Ι

399 4498 468 4576 τοῖς
494 4495 582 4578 θεοῖς.

477 4618 556 4694 XV.
606 4617 647 4691 Ὀ
667 4613 720 4693 οὖν
739 4619 820 4706 Ζεύς
838 4624 898 4694 καὶ
914 4625 942 4694 οῖ
956 4620 1054 4695 ἀλλοι
1072 4585 1136 4695 θέοὶ
1151 4621 1374 4716 ἐβουλεύοντο,
1402 4624 1420 4697 ’ὁ
1442 4655 1478 4701 τι
1496 4629 1558 4727 χρή

400 4744 524 4832 αύτούς
541 4754 686 4841 ποιήσαι,
714 4751 773 4822 καὶ
792 4746 951 4845 ήπάφουν·
980 4749 1056 4823 οὔτε
1073 4749 1138 4847 γὰρ
1157 4749 1244 4837 ὅπως
1262 4748 1496 4830 ἀποκτείνειαν
1515 4755 1558 4831 εί-

387 4902 451 4971 χον
469 4878 529 4950 καὶ
547 4874 655 4978 ὥσπερ
676 4876 754 4966 τούς
775 4881 938 4975 γίγαντας
962 4876 1228 4977 κεραυνιίσαντες
1250 4877 1287 4951 τὸ
1313 4885 1405 4974 γένος
1431 4881 1558 4983 ἀφανί-
