3850 5700
401 743 444 809 32
877 740 1083 797 ΠΛΑΤΩΝΟΣ

402 879 556 977 άνάγκη,
585 881 609 956 ά
628 887 770 978 ἔχουσιν,
797 881 854 955 ἐάν
870 911 907 956 τε
926 882 1107 978 βούλωνται
1126 882 1182 958 ἐάν
1204 913 1242 958 τε
1263 882 1327 980 μή·
1355 887 1416 958 καὶ
1440 883 1562 959 τούτου

403 1038 441 1105 γε
462 1008 569 1103 δήπου
594 1015 644 1097 τίς
668 1010 709 1084 άν
734 1008 974 1106 ἔπιθυμησειενς
1001 1009 1074 1084 ἀλλ’
1094 1012 1176 1086 όταν
1196 1041 1247 1099 τις
1264 1018 1364 1108 λέγη,
1391 1012 1444 1086 ότι
1466 1009 1562 1108 Ἔγί)
1599 999 1603 1014 ’

401 1136 553 1233 ὑγιαίνων
580 1136 738 1233 βούλομαι
762 1141 822 1212 καὶ
847 1137 1018 1234 ὑγιαίνειν,
1052 1143 1114 1213 καὶ
1139 1146 1288 1214 πλουτῶν
1314 1139 1473 1235 βούλομαι
1500 1142 1562 1213 καὶ

317 1360 337 1376 ,
402 1272 570 1357 πλουτεῖν,
598 1271 658 1341 καὶ
676 1272 817 1361 ἐπιθυμῶ
836 1264 946 1340 αύτῶν
965 1266 1108 1359 τούτων,
1135 1267 1160 1342 οἳ
1179 1274 1256 1363 ἔχω·
1276 1311 1328 1322 -
1354 1272 1500 1362 εἴποιμεν
1520 1266 1560 1341 άν

403 1393 514 1495 αύτῷ,
539 1395 590 1469 ότι
611 1393 680 1482 Σύ,
708 1389 732 1468 ά
758 1394 920 1492 άνθρωπε,
957 1401 1094 1469 πλοῦτον
1120 1405 1319 1491 κεκτημένος
1345 1399 1405 1470 καὶ
1430 1394 1561 1493 ύγίειαν

402 1526 461 1596 καὶ
488 1522 579 1619 ἰσχύν
606 1522 712 1618 βούλει
732 1527 852 1609 καθείς
878 1523 931 1597 τόν
954 1529 1068 1597 ἔπειτα
1093 1523 1199 1622 χρόνον
1225 1532 1338 1598 ταῦτα
1363 1528 1587 1619 κεκτῆσθαει

402 1656 471 1725 ἐπεὶ
489 1656 520 1724 έν
540 1657 586 1752 τῷ
602 1680 640 1746 γε
657 1659 712 1725 νύν
731 1650 884 1749 παρόντι,
912 1656 976 1725 είτε
997 1651 1102 1746 βούλει
1120 1656 1185 1725 εἴτε
1203 1650 1268 1747 μή,
1296 1658 1385 1748 ἔχεις.
1440 1651 1562 1726 σκόπει

403 1774 475 1869 ούν,
501 1780 582 1853 όταν
604 1787 702 1854 τούτο
719 1786 838 1874 λέγης,
864 1778 914 1852 ότι
929 1776 1099 1875 Ἔπιθυμῶ
1120 1786 1184 1855 τῶν
1203 1778 1389 1879 παρόντων,
1417 1785 1445 1854 εί
1473 1780 1561 1855 α”λλο

403 1937 435 1981 τι
458 1914 562 2003 λέγεις
585 1907 608 2001 ἦ
632 1906 723 1998 τόδε,
750 1907 801 1980 ότι
820 1905 987 2001 Βούλομαι
1012 1907 1059 1981 τά
1081 1915 1136 1980 νύν
1165 1907 1315 2006 παρόντα
1340 1911 1401 1982 καί
1426 1913 1476 1996 είς
1503 1908 1561 1982 τόν

403 2043 518 2110 ἔπειτα
537 2035 643 2133 χρόνον
664 2044 823 2133 παρεῖναι.
852 2078 905 2088 -
946 2033 1029 2109 άλλο
1047 2064 1079 2108 τι
1097 2034 1267 2132 ὁμολογοίη
1284 2035 1344 2122 άν;
1372 2034 1563 2135 Συμφάναι

403 2170 467 2261 ἔφη
491 2163 545 2237 τόν
565 2162 748 2259 Ἀγάθωνα.
803 2167 914 2236 Είπείν
938 2162 980 2257 δη
1005 2161 1060 2236 τόν
1082 2162 1267 2261 Σωκράτη,
1295 2162 1428 2239 Ούκούν
1456 2166 1563 2240 τούτό

403 2290 431 2388 γ’
454 2296 539 2366 ἐστὶν
557 2295 677 2365 ἐκείνου
695 2298 783 2389 ἐρᾶν,
812 2289 827 2364 ὃ
847 2288 937 2365 ούπω
954 2295 1079 2386 ἕτοιμον
1097 2289 1189 2392 αύτῷ
1209 2295 1295 2366 ἐστὶν
1314 2290 1378 2367 ούδ’
1400 2298 1477 2388 ἔχει,
1508 2293 1563 2393 [τό

404 2426 449 2507 είς
473 2418 528 2493 τόν
555 2426 669 2493 ἔπειτα
687 2418 795 2517 χρόνον
820 2416 915 2493 ταῦτ’
936 2417 1018 2492 είναι
1043 2418 1133 2520 αύτῷ
1157 2418 1322 2515 σωζόμενα
1343 2419 1390 2494 τά
1412 2429 1474 2495 νύν
1495 2450 1587 2500 πα-ιε

404 2547 536 2647 ρόντα];
566 2546 659 2621 Πάνυ
679 2576 734 2644 γε,
761 2546 874 2645 φάναι.
929 2551 997 2620 Καὶ
1022 2540 1118 2634 οὗτος
1141 2546 1211 2646 άρα
1235 2552 1295 2622 καὶ
1317 2546 1419 2636 άλλος
1442 2556 1518 2639 παῖς
1544 2550 1561 2625 ό

403 2682 560 2771 ἐπιθυμῶν
586 2684 644 2750 τού
674 2675 720 2769 μη
743 2679 870 2771 ἑτοίμου
894 2681 1040 2770 ἐπιθυμεῖ
1062 2677 1121 2749 καὶ
1143 2684 1201 2750 τού
1221 2675 1269 2772 μὴ
1293 2676 1473 2775 παρόντος,
1501 2684 1564 2754 καὶ

403 2803 487 2902 όμὴ
514 2810 577 2900 ἔχει
597 2808 656 2878 καὶ
676 2802 693 2878 ὃ
717 2803 763 2898 μη
790 2808 875 2878 ἔστιν
903 2801 1007 2891 αύτός
1031 2808 1092 2878 καὶ
1116 2797 1153 2879 ού
1180 2803 1291 2899 ἐνδεής
1315 2810 1400 2897 ἔστι,
1427 2794 1587 2883 τοιαῦθ’

403 2932 474 3009 ἄττ’
495 2937 582 3007 ἐστὶν
600 2926 641 3005 ὧν
656 2931 680 3024 ἡ
698 2936 850 3027 ἐπιθυμία
866 2961 903 3005 τε
920 2935 980 3006 καὶ
999 2930 1015 3006 ὁ
1034 2939 1113 3028 ἔρως
1131 2937 1227 3006 ἐστίν.
1265 2931 1359 3009 Πάνυ
1374 2932 1416 3028 γ’,
1446 2920 1563 3010 είπεῐν.

394 3063 456 3137 Ἴθι
472 3060 533 3155 δή,
562 3060 667 3158 φάναι
686 3059 742 3134 τόν
762 3059 947 3158 Σωκράτη,
976 3058 1292 3157 άνομολογησύμεθα
1317 3061 1363 3134 τά
1390 3067 1563 3159 εἰρημένα

404 3190 486 3266 άλλο
507 3220 539 3264 τι
555 3196 640 3264 ἔστιν
659 3187 674 3262 ὁ
694 3195 772 3286 ἔρως
788 3196 913 3286 πρῶτον
933 3192 990 3284 μέν
1007 3196 1119 3271 τινῶν,
1146 3195 1261 3263 ἔπειτα
1278 3187 1420 3281 τούτων,
1449 3183 1496 3264 ὧν
1520 3193 1565 3266 οἷν

344 3326 511 3393 201ἔνδεια
537 3314 762 3416 παρηιαύτῷς
802 3320 888 3406 Ναί,
916 3316 1030 3414 φάναι.
1082 3317 1162 3390 Ἐπὶ
1185 3317 1227 3413 δη
1253 3314 1380 3405 τούτοις
1407 3317 1591 3416 άναμνη-ιι

405 3453 510 3541 σθητι,
538 3449 629 3518 τίνων
648 3443 760 3544 ἔφησθ’
779 3449 809 3517 έν
828 3452 874 3543 τῷ
892 3443 977 3545 λόγῳ
997 3444 1079 3519 εἶναι
1094 3444 1148 3519 τὸν
1160 3443 1308 3542 Ἔρωτα.
1343 3451 1371 3520 εί
1384 3448 1422 3520 δὲ
1437 3446 1565 3540 βούλει,

405 3574 467 3672 έγύ
489 3604 526 3648 σε
544 3572 735 3668 άναμνίγσω.
791 3571 881 3667 οίμαι
899 3570 963 3669 γάρ
985 3601 1022 3645 σε
1044 3571 1164 3647 ούτωσί
1182 3602 1250 3660 πως
1274 3578 1396 3665 εἰπεῖν,
1414 3573 1469 3649 ’ότι
1492 3586 1567 3665 τοῖς

405 3712 485 3791 θεοίς
507 3698 760 3794 κατεσκευάσθη
784 3699 829 3773 τά
858 3699 1045 3798 πράγματα
1068 3699 1107 3774 δι’
1127 3706 1234 3798 ἔρωτα
1261 3704 1565 3802 καλῶναίσχρῶν

404 3833 469 3931 γάρ
489 3830 550 3905 ούκ
563 3833 614 3923 είη
634 3835 727 3927 ἔρως·
756 3826 814 3924 ούχ
831 3826 951 3902 οὑτωσί
970 3857 1038 3916 πως
1056 3834 1181 3925 ἔλεγες;
1221 3828 1323 3904 Είπον
1343 3828 1425 3929 γάρ,
1454 3831 1568 3930 φάναι

405 3960 460 4034 τόν
478 3957 660 4052 Ἀγάθωνα.
715 3961 783 4031 Καὶ
806 3963 953 4044 ἐπιεικῶς
972 3985 1010 4053 γε
1028 3963 1148 4052 λέγεις,
1177 3951 1207 4032 ὦ·
1223 3964 1349 4055 ἑταῖρε,
1374 3957 1483 4055 φάναι
1503 3961 1567 4036 τὸν

405 4086 582 4186 Σωκράτη.
636 4089 696 4158 καὶ
714 4090 742 4158 εί
763 4083 852 4159 τοῦθ’
872 4085 974 4172 ούτως
992 4091 1072 4180 ἔχει,
1100 4084 1182 4160 άλλο
1202 4115 1234 4161 τι
1252 4084 1268 4159 ὁ
1283 4085 1394 4184 Ἔρως
1411 4085 1569 4178 κάλλους

406 4218 445 4292 άν
465 4220 515 4310 είη
532 4221 628 4313 ἔρως,
656 4217 791 4310 αἴσχους
810 4212 837 4286 δ’
858 4211 914 4297 φύς
950 4210 1134 4309 Ὠμολόγει
1178 4212 1316 4288 -Ούκούν
1334 4212 1566 4310 ύμολόγηταε

406 4338 443 4419 ού
461 4340 571 4438 ἐνδεής
588 4345 733 4416 ἐστικαὶ
752 4341 799 4437 μη
822 4348 902 4436 ἔχει,
929 4339 1049 4415 τούτου
1074 4347 1168 4440 ἔροῐν;
1209 4347 1296 4433 Ναί,
1322 4346 1430 4416 εἰπεῖν.
1485 4342 1593 4420 'Em

405 4471 483 4565 δεης
499 4468 550 4568 ἄρ’
570 4474 639 4544 ἐστὶ
656 4474 717 4544 καὶ
733 4469 793 4544 ούκ
811 4476 874 4565 ἔχει
899 4468 914 4544 ὁ
931 4469 1042 4567 Ἔρως
1062 4469 1216 4557 κάλλος.’
1242 4469 1415 4567 Ἀνάγκη,
1442 4471 1565 4570 φάναι

406 4606 448 4674 Τί
469 4607 523 4685 δίς
549 4598 586 4674 τό
611 4603 713 4685 ἐνδεὲς
730 4597 873 4685 κάλλους
893 4601 952 4671 καὶ
970 4606 1110 4695 μηδαμῇ
1130 4608 1327 4694 κεκτημένον
1345 4597 1472 4688 κάλλος
1491 4595 1566 4700 ἆρα

405 4736 509 4825 λέγεις
526 4726 567 4801 σύ
587 4727 689 4801 καλόν
710 4725 809 4811 εἷναι;
843 4725 893 4799 Ού
916 4734 1015 4819 δῆτα.
1060 4725 1142 4801 Ἔτι
1160 4721 1214 4801 ούν
1235 4725 1400 4824 ὁμολογεῖς
1417 4727 1565 4827 Ἔρωτα

407 4858 508 4934 καλὸν
534 4854 633 4947 είναι,
661 4859 688 4927 εί
714 4852 808 4929 ταῦθ’
831 4854 933 4941 οὕτως
960 4859 1039 4950 ἔχεί;
1081 4858 1149 4930 Καὶ
1171 4855 1226 4930 τόν
1245 4853 1421 4952 Ἀγάθωνα
1448 4861 1561 4947 εἰπεῖν,
