3850 5700
403 756 446 823 42
650 791 654 798 -
876 755 1094 813 numm·

403 903 503 994 τέρων
534 900 661 971 παῶων
691 896 972 990 κεκοινωνηκότες.
1024 899 1085 969 καὶ
1112 903 1181 983 πάς
1210 896 1252 970 ἀν
1285 898 1415 986 δέξαιτο
1449 901 1590 996 έαυτῶᾰ

403 1023 568 1111 τοιούτους
583 1032 710 1111 παῖδας
726 1030 851 1119 μάλλον
867 1031 1033 1120 γεγονέναι
1047 1023 1070 1119 ἧ
1087 1024 1166 1110 τούς
1182 1022 1410 1120 ἀνθρωπίνως,
1437 1026 1501 1098 καὶ
1518 1027 1564 1109 εἰς

393 1152 545 1249 Ὅμηρον
563 1150 757 1251 ἀποβλέψας
773 1155 834 1225 καὶ
847 1151 999 1225 Ἡσίοδον
1014 1155 1077 1225 καὶ
1090 1150 1171 1238 τούς
1184 1150 1312 1240 ἀλλους
1324 1150 1470 1246 ποιητάς
1484 1150 1564 1237 τοὺς

404 1278 549 1375 ἀγαθούς
567 1286 688 1373 ζηλῶν,
715 1277 754 1353 σθ’
777 1285 897 1375 έκγονα
914 1285 1041 1353 ἑαυτῶν
1057 1284 1357 1372 καταλελοίπασιν,
1383 1278 1409 1353 ἀ
1427 1282 1565 1366 ἐκείνοις

405 1405 571 1482 ἀθάνατον
589 1414 682 1495 κλέος
705 1412 765 1482 καὶ
789 1405 919 1503 μνήμην
944 1414 1123 1504 παρέχεται
1145 1406 1239 1481 αύτά
1259 1405 1382 1482 τοιαῦτ’
1403 1406 1508 1482 ὀντοι·
1536 1412 1566 1481 εί

402 1539 439 1609 δὲ
460 1534 584 1629 βούλει,
610 1540 694 1631 ἔφη,
721 1539 808 1622 οίους
823 1542 1014 1633 Λυκοῦργος
1036 1543 1164 1622 παῖδας
1182 1497 1378 1636 κατελίίάτό
1395 1540 1429 1608 ἐν
1450 1542 1565 1611 Λακε-

402 1668 531 1757 δαίμονι
545 1669 700 1760 σωτνῖρας
717 1671 780 1757 τῆς
794 1663 1039 1756 Λακεδαίμονος
1054 1667 1114 1737 καὶ
1131 1661 1175 1750 ῶς
1192 1635 1269 1766 ἔπος
1281 1633 1384 1737 Ιεἰπεῖν
1402 1669 1469 1757 τῆς
1481 1661 1565 1738 Ἑλ-

333 1810 342 1822 ’
402 1790 513 1878 λάδος.
565 1794 671 1887 τίμιος
686 1794 724 1864 δέ
740 1788 817 1889 παρ’
834 1789 909 1887 ύμῖν
927 1793 988 1863 καὶ
1001 1789 1113 1864 Σίλων
1130 1790 1188 1864 διά
1206 1789 1267 1883 την
1285 1798 1348 1865 τῶν
1364 1788 1470 1886 νόμων
1490 1798 1564 1887 γέν-

402 1947 511 2012 νησιν,
538 1921 598 1992 καὶ
615 1916 712 1993 άλλοι
729 1916 844 1993 ἀλλοθι
861 1924 1031 2013 πολλαχοῦ
1050 1917 1183 2016 ἄνδρες,
1210 1921 1270 1992 καί
1288 1923 1320 1991 ἐν
1334 1918 1488 2013 Ἕλλησι
1503 1923 1589 1994 καὶο

404 2052 435 2120 έν
457 2045 649 2145 βαρβάροις,
677 2046 788 2120 πολλά·
802 2049 863 2119 καὶ
876 2044 971 2120 καλά
990 2044 1239 2143 ἀποφηνάμενοι
1256 2051 1355 2143 ἔργα,
1380 2044 1566 2141 γεννήσαν-

403 2203 458 2262 τες
477 2179 636 2248 παντοίαν
661 2172 799 2272 ἀρετήν·
828 2166 870 2247 ῶν
891 2178 953 2247 καὶ
971 2173 1044 2271 ίερά
1057 2148 1153 2247 ’πάλλ’
1177 2172 1246 2268 Ιἤδη
1266 2181 1377 2270 γέγονε
1399 2173 1459 2248 διά
1486 2175 1567 2263 τούς

403 2301 568 2390 τοιούτους
587 2310 731 2394 παῖδας,
758 2302 815 2378 διά
832 2304 869 2376 δὲ
887 2301 964 2397 τούς
985 2300 1199 2397 ἀνθρωπίνους
1216 2300 1306 2376 οιῶὲν
1326 2300 1458 2389 ούδενός
1473 2330 1538 2376 πω.
1542 2320 1582 2413 ss

480 2431 639 2507 XXVIII.
693 2436 817 2505 Ταῶτα
833 2433 889 2525 μὲν
907 2422 962 2503 σύν
980 2428 1026 2504 τά
1042 2428 1185 2527 ἐρωτικά
1201 2432 1298 2521 ἴσως,
1324 2422 1349 2503 ῶ
1367 2428 1565 2527 Σῶκρατες,

403 2557 468 2632 κάν
483 2558 524 2631 σύ
540 2562 710 2653 μυηθείης*
737 2557 783 2631 τά
796 2561 834 2631 δὲ
848 2564 946 2631 τέλεα
961 2560 1021 2652 καὶ
1036 2554 1201 2630 ἐποπτικά
1216 2549 1258 2630 ῶν
1274 2562 1371 2631 ἕνεκα
1384 2560 1447 2631 καὶ
1462 2557 1562 2633 ταῦτ’

344 2690 509 2776 noem,
537 2683 594 2758 ἐάν
620 2713 670 2771 τις
696 2684 793 2783 ὀρθῶς
814 2689 927 2780 μετίη,
954 2683 1015 2758 ούκ
1038 2682 1094 2757 οόδ’
1116 2688 1144 2757 εί
1164 2682 1231 2771 οἱός
1252 2682 1279 2758 τ’
1298 2683 1340 2758 ἀν
1364 2687 1444 2779 εἴης.
1502 2690 1588 2784 ίρῶ·

404 2816 460 2908 μὲν
479 2806 552 2905 ούν,
579 2817 663 2911 έρη,
690 2810 752 2909 έγῶ
778 2815 838 2886 καὶ
864 2816 1046 2911 προθυμίας
1069 2810 1161 2887 ούδὲν
1188 2810 1377 2920 ἀπολείψω·
1404 2821 1506 2912 πειρῶ
1532 2811 1561 2889 θ’

402 2946 552 3032 ἔπεσθαι,
580 2941 621 3015 ἀν
645 2940 711 3028 οίός
733 2941 760 3015 τ’
782 2935 834 3038 ᾖς.
889 2947 947 3014 Δεῖ
968 2939 1052 3040 γάρ,
1079 2945 1161 3038 ἔφη,
1187 2938 1243 3014 τὸν
1267 2938 1364 3037 ὀρθῶς
1384 2939 1481 3015 ίόντα
1507 2946 1562 3016 έπὶ

402 3075 501 3144 τούτο
517 3069 555 3144 τὸ
571 3075 713 3168 πράγμα
731 3069 884 3167 άρχεσθαι
898 3072 955 3162 μὲν
972 3076 1039 3142 νέον
1057 3067 1139 3143 ὀντα
1156 3073 1238 3142 ίέναι
1254 3072 1309 3142 ἐπὶ
1323 3067 1368 3146 τά
1383 3056 1480 3144 καλά
1496 3069 1561 3145 σῶ-

403 3226 515 3291 ματα,
542 3200 602 3272 καὶ
620 3205 744 3296 πρῶτον
771 3205 845 3292 μέν,
873 3196 930 3271 έοὶν
952 3195 1051 3293 ὀρθῶς
1075 3194 1203 3292 ἡγῆται
1226 3194 1242 3268 ὀ
1265 3193 1463 3291 ἡγούμενος,
1492 3197 1561 3284 ένός

403 3323 505 3399 αύτόν
522 3324 676 3419 σώματος
691 3331 767 3421 έροῐν
786 3328 845 3398 καὶ
862 3329 1006 3398 ἐνταῦθα
1022 3329 1138 3418 γεννάν
1155 3322 1269 3419 λόγους
1285 3321 1420 3413 καλούς,
1441 3329 1559 3399 ἔπειτα

381 3453 433 3527 ιδ’
452 3451 554 3527 αύτόν
572 3447 800 3546 κατανοῆσαι,
827 3451 934 3527 ὅτιτὸ
952 3450 1076 3537 κάλλος
1094 3449 1132 3524 τὸ
1152 3449 1200 3548 ἐφ’
1220 3448 1341 3552 ὁτροῶν
1361 3448 1494 3547 σάματι
1508 3456 1581 3552 τῶι)

403 3579 450 3678 ἐρ’
473 3586 570 3682 ἑτέρῳ
590 3579 721 3674 σύματι
737 3578 877 3678 ἀδελφάν
897 3584 985 3672 ἐστι,
1011 3582 1070 3652 καὶ
1088 3583 1116 3652 εί
1133 3586 1184 3652 δεῖ
1198 3577 1324 3653 διῶκειν
1341 3576 1379 3652 τό
1405 3576 1456 3651 ἐπ’
1480 3583 1558 3654 εἴδει

402 3707 523 3798 καλόν,
550 3706 655 3801 πολλη
674 3707 772 3782 άνοια
790 3707 837 3803 μή
854 3705 912 3802 ούχ
935 3712 968 3780 ἕν
988 3709 1107 3780 τεκαὶ
1129 3703 1251 3781 ταύτόν
1269 3704 1419 3802 ἡγεῖσθαι
1435 3707 1477 3782 τό
1503 3712 1557 3781 ἐπὶ

402 3843 487 3910 πάσι
515 3845 584 3922 τοῖς
611 3833 741 3929 οῶμασι
766 3833 906 3921 κάλλος·
923 3842 924 3846 ’
940 3842 1039 3909 τούτο
1062 3832 1090 3908 δ’
1117 3833 1319 3928 ἐννοήσαντα
1341 3843 1558 3930 καταστῆναι

402 3963 533 4038 πάντων
550 3971 614 4037 τῶν
631 3968 742 4036 καλῶν
760 3954 921 4057 σωμάτων
939 3961 1093 4060 ἐραστήν,
1120 3961 1189 4048 ένὸς
1204 3964 1241 4035 δὲ
1256 3960 1293 4034 τὸ
1311 3959 1442 4059 σφόδρα
1458 3970 1557 4039 τοῦτο

402 4091 550 4188 χαλάσαι
578 4089 883 4188 καταφρονήσαντα
907 4093 968 4163 καὶ
993 4088 1126 4187 σμικρὸν
1149 4087 1374 4184 ἡγησάμενον·
1408 4090 1497 4184 μετά
1521 4095 1558 4165 δὲ

401 4227 516 4294 ταῦτα
532 4218 570 4293 τὸ
589 4224 621 4292 ἐν
639 4226 714 4306 ταῖς
729 4221 852 4316 ψυχαῖς
875 4216 1000 4304 κάλλος
1016 4215 1202 4314 τιμιύτερον
1228 4182 1557 4312 ἡγήσαώαλτβόύέν

402 4356 448 4445 τῷ
468 4345 616 4438 σῶματι,
644 4345 728 4420 ῶοτε
751 4344 815 4418 κάν
840 4344 985 4439 ἐπιεικὴς
1003 4343 1045 4418 ῶν
1065 4343 1125 4438 τὴν
1142 4342 1248 4443 ψυχήν
1269 4372 1319 4431 τις
1340 4347 1400 4418 καὶ
1421 4344 1578 4445 ομικρόνο

384 4474 497 4561 ·άνθος
517 4479 594 4569 ἔχη,
621 4477 767 4570 ἐξαρκεῖν
788 4470 881 4573 αύτῷ
901 4475 960 4546 καὶ
985 4479 1061 4569 έράν
1081 4474 1143 4545 καὶ
1163 4471 1321 4565 κήδεσθαι
1347 4475 1408 4545 καὶ
1433 4478 1565 4565 τίκτειν.

402 4601 519 4696 λάγους
535 4600 705 4689 τοιούτους
724 4604 811 4696 [καὶ]
837 4610 962 4696 ζητεῖν,
988 4603 1101 4686 οίτινες
1119 4597 1293 4691 ποιήσουσι
1310 4605 1457 4693 βελτίους
1483 4603 1560 4690 τούς

403 4737 512 4819 νέους,
539 4726 576 4801 ίύ
603 4727 803 4825 ἀναγκασθῄ
833 4724 876 4804 αύ
903 4727 1084 4803 θεάσασθαι
1107 4726 1146 4800 τὸ
1171 4733 1293 4814 ἐντοῖς
1316 4728 1559 4825 ἐπιτηδεύμασι

403 4860 549 4944 καὶτοῖς
567 4855 675 4953 νόμοις
692 4856 794 4930 καλὸν
813 4860 875 4931 καὶ
890 4853 980 4929 τοῦτ’
998 4860 1088 4944 ἰδεῖν,
1113 4854 1165 4929 ὀτι
1179 4862 1247 4928 πάν
1264 4853 1349 4930 αύτό
1369 4854 1463 4958 αύτῷ
1482 4860 1559 4953 ξυγ-
