3850 5700
642 829 685 876 nr
707 830 864 877 rnnrcms
885 829 1025 875 nameus
1046 830 1210 876 semrom
1415 807 1475 874 xxi

375 1013 554 1093 sequuntur
572 1008 722 1075 fidentius
741 1008 875 1096 corrigo.
920 1008 1022 1073 Τοῦτο
1041 1006 1100 1092 μὲν
1116 1006 1188 1096 ἄρα,
1204 1007 1245 1078 ὡς
1264 1005 1371 1082 ἔοικεν,
1387 1006 1475 1072 εὐτυ-

373 1122 441 1208 χῶς
455 1122 523 1189 πῶς
538 1117 765 1203 ἐμβεβήκαμεν
777 1145 815 1202 ηε
828 1119 871 1190 είς
881 1145 953 1186 τινα
963 1118 1085 1207 σκέψιν
1097 1117 1213 1200 ἱκανήν.
1252 1119 1351 1207 Lege,
1363 1116 1474 1204 τούτῳ,

375 1238 409 1297 et
426 1228 493 1315 (ὥς)
507 1231 539 1314 ’γ’
556 1229 599 1301 εἰς
614 1229 671 1312 τὴν
685 1230 807 1318 σκέψιν
821 1228 924 1318 ἱκανῷ.

421 1343 493 1408 687.
537 1341 704 1407 Emblema
718 1349 766 1407 est
783 1341 919 1407 alterum
938 1344 1007 1412 πῶς
1026 1342 1111 1427 quod
1130 1340 1187 1428 qui
1204 1340 1328 1427 primus
1346 1340 1474 1427 scripsit

375 1474 442 1517 non
462 1475 520 1538 pro
538 1451 685 1518 enclitico
705 1452 760 1518 sed
780 1475 838 1538 pro
857 1452 1106 1539 interrogatione
1122 1452 1233 1517 haberi
1250 1452 1397 1532 volebat3
1421 1452 1473 1517 in·

375 1563 608 1649 terrogativum
623 1562 692 1650 jam
706 1569 800 1629 antea
819 1587 839 1630 a
855 1586 889 1630 se
908 1564 1064 1651 scripturn
1084 1586 1150 1630 esse
1169 1563 1222 1629 vel
1242 1586 1307 1629 non
1328 1563 1473 1630 animad-

376 1675 530 1751 vertebat,
554 1672 606 1739 vel
628 1673 730 1760 repeti
752 1697 842 1761 posse
864 1674 1021 1740 credebat.
1065 1674 1226 1754 Alterum,
1249 1676 1347 1763 idque
1367 1674 1472 1761 impu·

374 1784 595 1851 dentissimum
610 1783 764 1849 emblema
778 1791 835 1862 est,
852 1783 937 1871 quod
955 1784 992 1850 in
1004 1785 1070 1851 fine
1088 1786 1240 1852 orationis
1259 1785 1389 1873 legitur,
1404 1786 1473 1869 μῶν

374 1896 412 1961 οὐ
436 1894 555 1961 τούτων
578 1893 674 1984 χάριν
698 1893 879 1978 ἐπιθυμοῖεν
903 1893 943 1961 ἄν
955 1922 967 1972 ,·
1000 1920 1076 1962 nam
1101 1920 1205 1984 neque
1230 1904 1357 1984 tempus
1381 1896 1474 1971 illud,

373 2006 564 2090 ἐπιθυμοῖεν,
578 2008 618 2073 de
633 2006 773 2092 antiquis
786 2006 851 2073 illis
865 2015 950 2073 recte
964 2014 1144 2094 poneretur,
1158 2014 1191 2073 et
1205 2008 1372 2075 manifeste
1385 2008 1474 2075 aliud

374 2118 550 2205 quaeritur:
584 2117 641 2184 οὐκ
665 2117 705 2183 ἂν
729 2118 843 2207 ἔτυχον
867 2122 924 2185 τοῦ
945 2123 1059 2212 Ιιιαιροῖι
1071 2146 1082 2197 ,·
1115 2127 1254 2186 “nonne
1276 2120 1474 2207 propositum

374 2230 473 2296 finem
487 2229 669 2317 attigissent
678 2230 721 2295 ?”

406 2342 490 2408 ⁴688.
535 2340 645 2407 Scriba
665 2338 933 2423 ἐπαναμιμνήσιιω
952 2339 1157 2407 intransitive
1176 2340 1316 2427 positum
1329 2342 1473 2427 putabat,

372 2459 407 2520 et
426 2460 463 2517 ut
482 2458 562 2517 esset
580 2451 702 2537 aliquid
721 2452 807 2516 unde
828 2449 870 2516 τὰ
889 2450 1048 2540 λεχθέντα
1068 2452 1229 2537 penderet,
1245 2448 1274 2516 εἰ
1292 2450 1475 2535 μεμνήμεθα

373 2563 508 2630 infersit.
543 2563 635 2629 Infra
645 2587 703 2650 pro
714 2562 804 2629 ἀλλὰ
817 2561 969 2629 τάναντία
982 2563 1063 2651 lege,
1076 2563 1154 2628 ἀλλ’
1164 2561 1186 2645 ἦ
1198 2562 1357 2630 τάναντία.
1393 2564 1474 2631 Mox

373 2699 432 2763 pro
446 2674 500 2741 καὶ
514 2678 577 2750 νῦν,
593 2674 622 2740 εἴ
633 2701 698 2740 πον
710 2675 862 2759 γίγνεται,
877 2676 1068 2763 legendum:
1092 2673 1148 2740 καὶ
1162 2673 1230 2741 νννί
1244 2701 1309 2741 πον
1324 2674 1475 2758 ηίηνεταί.

374 2788 504 2854 Eaedem
535 2789 743 2855 correctiones
770 2788 806 2854 in
835 2787 904 2854 loeo
933 2787 1010 2854 satis
1038 2788 1203 2867 salebroso,
1234 2811 1267 2875 p.
1297 2788 1370 2868 807,
1400 2788 1473 2856 init.

374 2899 527 2966 faciendae
549 2900 717 2967 videntur:
750 2897 825 2967 ἀλλ’
845 2898 865 2982 ἢ
886 2898 1003 2988 τρόπῳ,
1018 2900 1122 2966 deleto
1144 2898 1198 2979 δεῖ,
1216 2908 1249 2965 et
1268 2899 1310 2971 ὡς
1331 2899 1384 2966 καῖ
1407 2899 1475 2966 νννὶ

376 3012 516 3094 ζητοῖμεν
529 3009 569 3076 ἂν
584 3010 669 3091 ἴσως,
686 3009 760 3076 ἀλλ’
776 3011 833 3076 οὐκ
846 3009 886 3076 ἄν
900 3036 979 3076 ποτε
992 3009 1122 3094 γένοιτο.

417 3123 490 3187 689.
534 3122 714 3187 Delendum
734 3122 754 3203 ἦ
772 3119 894 3210 ψυχης
916 3123 1054 3188 hicnon
1067 3121 1204 3208 amplius
1223 3122 1263 3187 de
1280 3121 1387 3187 anima
1406 3120 1474 3188 sola

374 3233 524 3320 disputat,
539 3234 595 3299 sed
613 3234 654 3299 de
673 3233 803 3299 civitate
823 3234 974 3319 primum,
990 3241 1060 3298 turn
1080 3234 1120 3299 de
1137 3233 1245 3300 anima
1263 3241 1375 3320 utpote
1394 3233 1472 3299 civi·

373 3346 450 3412 tatis
469 3345 575 3412 simili.
619 3345 700 3411 Mox
719 3367 777 3430 pro
797 3343 886 3410 ἀλλὰ
905 3343 952 3427 δὴ,
968 3345 1101 3433 conjicio
1121 3345 1198 3412 ἀλλ’
1213 3343 1244 3431 ᾖ.
1288 3347 1371 3412 Tum
1387 3345 1474 3412 infra

372 3454 541 3540 λεγόμενον
554 3458 590 3522 in
604 3455 796 3539 λελεγμένον
806 3460 1007 3523 mutandum.

419 3569 492 3634 690.
536 3567 697 3634 Insulsam
715 3567 884 3633 lectionem
903 3566 1024 3656 πατρὸς
1042 3567 1097 3634 καὶ
1112 3566 1239 3657 μητρὸς,
1255 3569 1370 3636 emale
1383 3569 1475 3637 lectis

373 3679 567 3765 compendiis
597 3685 709 3752 ortam,
731 3701 840 3744 omnes
865 3680 952 3765 quod
977 3680 1076 3745 sciam
1101 3680 1237 3746 editores
1261 3680 1473 3748 retinuerunt.

373 3789 591 3868 scribendum,
607 3787 747 3876 πάτερας
761 3787 816 3854 καὶ
829 3787 976 3877 μήτερας.

418 3902 491 3981 691.
543 3902 607 3968 Pro
632 3900 686 3966 καὶ
711 3898 748 3966 τὸ
775 3900 862 3966 πολύ
885 3902 1058 3989 legendum
1084 3901 1138 3967 ἐπὶ
1163 3899 1200 3967 τὸ
1229 3901 1325 3969 πόλν.
1380 3901 1474 3967 Infra

370 4011 501 4099 legitur,
517 4009 601 4076 ὥστε
614 4009 659 4095 μὴ
674 4017 729 4094 τῆς
745 4011 897 4095 μεγίστης
912 4011 1008 4078 νόσου
1025 4012 1132 4084 ἀνοίας
1150 4012 1358 4100 πληρωθεῖσα
1377 4012 1475 4094 αὐτῆς

372 4120 432 4204 τὴν
445 4120 585 4189 διάνοιαν
597 4128 691 4208 μῖσος
705 4122 791 4213 ἔχειν
805 4123 885 4212 πρὸς
900 4127 963 4190 τῶν
977 4122 1137 4208 εἠηθτατα
1157 4123 1270 4213 φίλων.
1314 4123 1394 4195 Quis
1407 4145 1474 4190 non

371 4235 462 4303 videt
475 4235 647 4323 legendum
660 4261 728 4303 esse
742 4236 840 4318 αὐτὴν
854 4235 892 4302 δι’
908 4235 1017 4303 ἄνοιαν
1030 4239 1046 4304 P

417 4349 489 4413 698.
527 4345 635 4412 Ὅταν
655 4346 735 4436 πρὸς
754 4347 791 4414 τὸ
811 4352 986 4436 σωφρονεῖν
1008 4351 1117 4436 φῶμεν
1136 4346 1199 4413 δεῖν
1218 4343 1473 4426 βλέπειν-ἱκοῦ,

373 4454 453 4544 πρὸς
467 4456 504 4523 τὸ
518 4454 692 4546 ἐλεύθερον,
707 4459 792 4545 quod
806 4460 870 4527 nisi
884 4460 1081 4539 restituatur,
1097 4466 1164 4525 tota
1182 4457 1390 4524 labefactetur
1408 4459 1473 4523 dis·

372 4569 505 4654 putatio.
536 4570 631 4645 <Mox
650 4569 720 4635 dele
738 4571 888 4656 putidum
911 4569 1067 4638 emblema
1088 4570 1125 4636 in
1145 4567 1224 4657 πρὸς
1244 4569 1264 4638 ὅ
1284 4595 1316 4637 τι
1338 4567 1474 4659 [βουλό-

370 4680 479 4768 μενος]
498 4680 630 4765 ἔμελλες
644 4685 757 4765 λέγειν.
