3850 5700
795 740 1027 794 ΣΥιεΠοῑιοιν.
1447 742 1489 807 39

336 889 437 978 ράται
454 884 514 955 καὶ
528 877 755 977 ἀποτρέπεται
771 870 831 954 καὶ
849 878 1034 953 άνειλλεται
1049 883 1110 953 καὶ
1127 879 1164 953 ού
1181 888 1290 979 γεννᾷ,
1311 876 1383 952 ἀλλ’
1401 882 1489 974 ἰ’σχον

334 1008 373 1083 τθ
390 1007 508 1102 κύημα
521 1013 674 1103 χαλεποῖς
688 1015 784 1105 φέρει.
822 1007 889 1081 ὅθεν
912 1007 957 1098 δή
969 1015 1015 1107 τῷ
1031 1012 1167 1082 κυοῦντί
1179 1036 1216 1081 τε
1228 1009 1289 1079 καὶ
1302 1006 1369 1102 ήδη
1385 1033 1490 1102 σπαρ·

257 1170 260 1175 ·
334 1144 434 1232 γῶντι
447 1135 554 1228 πολλή
568 1134 590 1230 ή
606 1140 757 1228 πτοίησις
769 1142 881 1231 γέγονε
890 1138 962 1232 περὶ
975 1134 1012 1208 τὸ
1023 1134 1125 1210 καλὸν
1135 1133 1192 1209 διά
1205 1134 1243 1207 τὸ
1255 1132 1405 1230 μεγάλης
1418 1132 1513 1217 ὤδῖςο

332 1293 387 1352 νος
404 1262 558 1338 ἀπολύειν
577 1262 633 1337 τὸν
645 1241 776 1360 ἐχούτα.
817 1268 887 1337 ἐστι
904 1262 980 1360 γάρ,
1007 1256 1238 1361 άΣάκρατες,
1266 1268 1347 1359 ἔφη,
1375 1259 1412 1335 ού
1429 1268 1488 1335 που

333 1399 440 1468 καλοῖ
455 1390 471 1467 ὁ
488 1398 577 1483 ἔρως,
598 1389 641 1477 ὦς
655 1390 696 1464 σύ
709 1395 775 1464 οἴει.
801 1388 909 1464 Ἀλλά
924 1395 958 1464 τί
973 1389 1056 1485 μήν;
1084 1396 1154 1485 Τῆς
1167 1389 1346 1486 γεννήσεως
1358 1392 1418 1462 καὶ
1430 1395 1500 1463 τού.

333 1519 433 1594 τόκου
453 1526 485 1593 ἐν
504 1526 550 1620 τῷ
574 1525 678 1617 καλῷ.
700 1592 710 1605 „
731 1517 825 1608 Είεν,
852 1512 892 1611 ήν
916 1517 943 1591 δ’
963 1516 1036 1614 ἐγώ.
1091 1513 1199 1620 [Πάνυ
1221 1522 1277 1611 μὲν
1297 1509 1370 1606 οὖν,
1397 1509 1487 1617 ἔφη]

333 1651 377 1720 Τί
394 1645 438 1741 δή
457 1640 511 1720 σύν
530 1654 594 1741 τής
611 1644 806 1742 γεννήσεως;
843 1645 925 1719 Ὅτι
941 1643 1085 1741 ἀειγενές
1104 1648 1248 1720 ἐστικαὶ
1264 1642 1427 1719 ἀθάνατον
1447 1641 1489 1731 ὡς

270 1789 323 1839 νοτ
335 1780 441 1875 θνητῷ
457 1773 479 1868 ή
497 1782 652 1870 γέννησις.
670 1815 671 1819 =
688 1770 875 1859 ἀθανασίας
891 1771 918 1846 δ’
938 1772 1122 1869 ἀναγκαῖον
1142 1779 1302 1867 ἐπιθυμεῖν
1318 1771 1384 1866 μετ’
1401 1769 1511 1867 ἀγα·

332 1908 387 1976 θού
409 1907 531 1976 ἐκτῶν
553 1899 823 1997 ὡμολογημένων,
849 1904 937 1998 ε’ίπερ
962 1908 1019 2003 τοῖν
1042 1899 1186 1995 τάγαθὸν
1206 1906 1314 2000 ἐαυτῷ
1334 1898 1416 1974 εἶναι
1434 1898 1487 1974 ἀεὶ

331 2036 412 2127 ἔρως
428 2033 525 2104 ἐστίν.
579 2027 762 2124 ἀναγκαῖον
787 2028 829 2122 δή
853 2036 892 2102 ἐκ
905 2027 1028 2116 ,τούτου
1048 2036 1107 2102 τοῦ
1127 2027 1225 2124 λύγου
1244 2030 1384 2121 καὶτῆς
1403 2024 1488 2101 ἀθα-

329 2161 452 2243 νασίας
477 2156 532 2231 τὸν
560 2162 667 2255 ἐρωτα
694 2156 784 2230 είναι.

410 2286 537 2362 XXVI.
587 2282 709 2358 Ταῦτά
726 2282 755 2359 τ’
775 2277 830 2358 ούν
849 2282 944 2358 πάντ’
964 2287 1119 2358 ἐδιδασκέ
1137 2312 1194 2378 με,
1223 2282 1321 2357 ὁπότε
1337 2286 1486 2381 περὶτῶν

328 2419 491 2510 ἐρωτικῶν
509 2411 627 2508 λόγους
642 2421 776 2500 ποιοῖτο,
797 2416 858 2485 καί
873 2410 943 2486 ποτ’
961 2410 1072 2508 ήρετο,
1108 2418 1137 2483 ‘s
1139 2415 1151 2484 ί
1166 2416 1233 2495 οίει,
1253 2405 1278 2484 ὦ
1295 2411 1485 2509 Σάκρατες,

328 2544 437 2614 α’ίτιον
456 2539 538 2618 εἶναι
556 2539 674 2614 τούτου
693 2544 752 2613 τού
779 2546 895 2637 ἔρωτος
915 2543 976 2613 καὶ
996 2547 1059 2635 τῆς
1081 2544 1268 2634 ἐπιθυμίας;
1302 2538 1325 2633 ή
1346 2536 1406 2612 ούκ
1433 2543 1484 2611 αθ-

305 2666 468 2760 ,σθάνει,’
485 2666 528 2755 ὦς
544 2675 654 2753 δεινῶς
677 2671 857 2740 διατίθεται
878 2667 993 2740 πάντα
1010 2667 1056 2742 τά
1079 2672 1192 2765 θηρία,
1220 2666 1349 2741 ἐπειδάν
1368 2655 1483 2762 γεννᾶν

326 2794 533 2893 ἐπιθυμήσῃ,
561 2798 621 2871 καί
640 2794 685 2870 τά
709 2794 793 2882 πεζά
816 2798 877 2870 καί
899 2794 946 2870 τά
970 2794 1100 2890 πτηνά,
1127 2793 1286 2871 νοσοῦντά
1309 2823 1346 2868 τε
1370 2791 1509 2868 πάνταο

325 2927 391 2999 καί
407 2930 568 3022 ἐρωτικῶς
584 2929 807 3018 διατιθέμενα,
833 2931 958 3021 πρῶτον
976 2927 1033 3017 μὲν
1052 2928 1125 3020 περὶ
1143 2922 1181 2997 τὸ
1202 2925 1404 3017 ξυμμιγῆναι
1424 2919 1484 2995 ἀλ·

325 3050 451 3146 λήλοις,
468 3058 582 3126 ἔπειτα
594 3054 668 3148 περὶ
682 3049 742 3145 τήν
758 3050 879 3148 τροφήν
892 3059 951 3125 τοῦ
967 3043 1147 3146 γενομένου,
1163 3052 1224 3125 καί
1233 3055 1348 3144 ἕτοιμα
1362 3035 1481 3147 [ἐστιν]

326 3177 410 3276 ὑπὲρ
428 3179 552 3254 τούτων
571 3183 632 3252 καὶ
654 3178 873 3275 διαμάχεσθαι
896 3179 943 3252 τά
969 3178 1195 3271 ἀσθενέστατα
1219 3187 1287 3265 τοῖς
1312 3154 1481 3275 ίσχυήρτά-

325 3335 397 3395 τοις
416 3310 476 3381 καὶ
491 3304 798 3404 ύπεραποθνήσκειν,
826 3310 885 3381 καὶ
902 3304 994 3381 αύτά
1015 3304 1093 3406 [τῷ]
1111 3313 1192 3407 λιμῷ
1208 3302 1482 3402 παρατεινύμενα,

327 3432 405 3508 ὥστ’
424 3441 533 3508 ἐκεῖνα
550 3441 730 3533 ἐκτρέφειν,
758 3438 817 3508 καὶ
841 3434 924 3508 ἀλλο
948 3442 1015 3507 πᾶν
1036 3441 1210 3520 ποιούντα;
1236 3432 1315 3520 τούς
1334 3436 1391 3528 μὲν
1416 3431 1481 3531 γάρ

326 3560 530 3658 ἀνθρώπους,
557 3568 640 3658 ἐφη,
669 3561 757 3637 οἴοιτ’
783 3561 824 3635 άν
844 3591 894 3649 τις
919 3567 957 3635 ἐκ
976 3568 1131 3657 λογισμοῦ
1157 3566 1270 3635 ταῦτα
1291 3571 1410 3635 ποιεῖν·
1436 3561 1482 3635 τά

324 3692 367 3763 δέ
384 3693 479 3786 θηρία
496 3693 547 3776 τίς
572 3694 667 3764 αἰτία
691 3691 795 3776 οὕτως
820 3695 982 3787 ἐρωτικοῖς
1003 3694 1218 3774 διατίθεσθαι;
1253 3695 1344 3783 ἔχειςΙ
1359 3694 1503 3784 λέγεινςε

325 3814 386 3891 Κά
422 3816 429 3840 “
459 3811 504 3890 α’
532 3822 571 3890 ἐλ
626 3847 641 3888 ν
693 3817 732 3889 “t
770 3816 805 3890 ο’
872 3823 971 3891 ἰδεῖν
1027 3816 1078 3890 Ἣ
1101 3815 1128 3890 δ’
1170 3815 1224 3890 ίπε
1270 3823 1399 3890 Διανοεῖ
1424 3808 1543 3889 σύν-7

387 3844 503 3911 γωυ
571 3846 871 3913 εγο,οιυκε
932 3846 981 3910 η.
1155 3845 1242 3906 ε,
1543 3908 1545 3913 .

324 3942 429 4031 δεῖνὸς
454 3973 534 4019 ποτε
561 3943 754 4041 γενήσεσθαι
782 3945 830 4018 τά
854 3944 1012 4041 ἐρωτικά,
1048 3943 1104 4018 ἐάν
1133 3952 1246 4019 ταῦτα
1274 3943 1320 4039 μή
1348 3949 1479 4040 ἐννοήςς

321 4070 435 4145 Ἀλλά
453 4072 509 4145 δισὶ
527 4071 641 4147 ταῦτά
658 4101 727 4165 τοι,
754 4067 778 4147 ὦ
798 4077 947 4169 Διοτίμα,
973 4073 1051 4171 ’ὅπερ
1067 4080 1124 4154 νῦν
1142 4072 1184 4166 δή
1205 4071 1303 4163 είπον,
1330 4070 1424 4168 παρά
1442 4074 1480 4145 σὲ

325 4199 411 4293 ήκω,
436 4198 531 4294 γνούς
550 4200 601 4273 ὅτι
619 4198 828 4274 διδασκάλων
846 4207 970 4294 δέομαι.
1014 4198 1105 4274 ἀλλά
1120 4228 1173 4296 μοι
1188 4206 1263 4295 λέγε
1277 4203 1337 4277 καὶ
1354 4199 1478 4276 τούτων

324 4324 389 4421 τήν
411 4331 521 4401 αἰτίαν
546 4330 687 4402 καὶτῶν
710 4327 819 4402 ἀλλων
839 4335 901 4402 τῶν
922 4333 995 4426 περὶ
1018 4327 1064 4402 τά
1090 4327 1239 4425 ἐρωτικά.
1292 4330 1336 4437 E}
1360 4333 1477 4422 τοίνυν,

325 4461 410 4552 ἐφη,
443 4454 605 4542 πιστεύεις
631 4460 751 4530 ἐκείνου
779 4454 861 4529 είναι
885 4455 982 4554 φύσει
1008 4455 1064 4529 τὸν
1093 4461 1217 4552 ἔρωτα,
1252 4449 1289 4530 ού
1318 4456 1479 4544 πολλάκις
1518 4464 1558 4535 7:
1615 4442 1625 4461 ’

325 4580 601 4677 ὡμολογήκαμεν,
636 4583 681 4678 μή
708 4584 864 4678 θαύμαζε.
918 4589 1061 4657 ἐνταῦθα
1085 4583 1150 4681 γάρ
1175 4582 1269 4657 κατά
1294 4582 1349 4658 τὸν
1376 4584 1476 4659 αύτὸν
1486 4573 1505 4650 (1Ι

324 4713 436 4810 ἐκείνῳ
457 4710 549 4805 λόγον
565 4709 588 4805 ἡ
605 4711 704 4806 θνητή
724 4709 821 4808 φύσις
842 4718 933 4804 ζητεῖ
950 4710 1042 4783 κατά
1059 4709 1097 4783 τὸ
1116 4710 1256 4785 δυνατὸν
1275 4709 1329 4785 ἀεὶ
1348 4710 1375 4785 τ’
1396 4711 1478 4787 εἶναι

323 4840 387 4912 καὶ
405 4836 580 4926 ἀθάνατος.
624 4836 766 4913 δύναται
780 4843 816 4913 δὲ
832 4837 943 4933 ταύτη
964 4837 1076 4935 μόνον,
1103 4845 1148 4933 τῇ
1165 4839 1330 4933 γεννήσει,
1356 4841 1407 4914 ὅτι
1424 4839 1478 4915 ἀεὶ
