3850 5700
447 775 490 842 56
921 772 1127 830 πιοτωνοκ

447 913 584 1014 κάγαθῷ
611 919 748 987 ἔσεσθαι.
802 912 905 987 Ταῦτ’
931 917 1036 1013 ἐστίν,
1071 908 1096 986 ὦ
1126 912 1257 1011 άνδρες,
1292 914 1318 988 ά
1347 914 1409 1010 ἐγω
1431 835 1699 1140 &affl

447 1013 675 1152 ἐπαινῦῢαὶ
697 1036 742 1114 αῦ
763 1039 787 1114 ά
808 1048 978 1138 μέμφομαι
998 1042 1164 1134 συμμίξας
1180 1039 1254 1135 ῦμῖν
1272 1041 1359 1116 εἶπον
1379 1043 1403 1115 ἅ
1421 1072 1463 1138 με
1485 1042 1501 1068 ‘'
1556 1072 1604 1117 σε
1625 1130 1634 1147 .

447 1172 507 1242 καὶ
527 1176 636 1264 μέντοι
655 1165 716 1252 οῦκ
736 1172 793 1262 ἐμὲ
812 1167 905 1263 μόνον
924 1176 1037 1242 ταῦτα
1062 1173 1254 1262 πεποίηκεν,
1281 1167 1375 1244 άλλά
1392 1173 1452 1244 καὶ
1472 1175 1630 1267 Χαρμί-ῑν

383 1309 385 1314 ’
447 1304 507 1388 δην
530 1295 582 1369 τὸν
602 1294 798 1383 Ιλαῦκωνος
822 1299 881 1369 καὶ
900 1294 1094 1390 Εῦθῦδημσν
1118 1295 1174 1369 τὸν
1194 1302 1365 1384 Διοκλέους
1392 1301 1452 1372 καὶ
1479 1297 1606 1385 άλλσυς

447 1421 536 1497 πάνυ
560 1421 715 1513 πολλοῦς,
742 1422 798 1510 οῦς
816 1416 909 1510 οὗτος
929 1426 1105 1511 ἐξαπατῶν
1125 1422 1167 1511 ὡς
1185 1424 1327 1522 ἐραστής
1345 1425 1489 1499 παιδικά
1516 1434 1625 1519 μάλ-λ,

448 1558 502 1625 λον
523 1550 625 1638 αῦτὸς
639 1555 848 1625 καθίσταται
873 1549 944 1624 ἀντ’
965 1556 1115 1647 ἐραστοῦ.
1170 1550 1257 1646 οἳδή
1285 1556 1344 1626 καὶ
1368 1557 1420 1627 σοί
1446 1561 1550 1648 λέγω,
1579 1531 1627 1626 ὦΙ

444 1677 610 1775 Ἀγάθων,
638 1678 684 1773 μη
703 1681 936 1767 ἐξαπατᾶσθαι
955 1677 1019 1752 ὑπὸ
1039 1676 1176 1769 τοῦτου,
1204 1676 1279 1753 άλλ’
1304 1678 1372 1754 άπὸ
1396 1689 1459 1754 τῶν
1484 1679 1605 1777 ἡμετέ-
1630 1699 1640 1729 “·

447 1836 507 1905 ρων
527 1806 730 1901 παθημάτων
725 1804 869 1969 m
878 1804 1119 1901 εῦλαβηθῆναι,
1146 1810 1206 1881 καὶ
1223 1806 1269 1904 μη
1289 1808 1384 1882 κατά
1403 1807 1465 1901 τὴν
1485 1741 1699 1907 affl

447 1939 542 2029 μίαν,
569 1934 676 2031 ὥσπερ
702 1912 833 2026 ίηπιον,
860 1932 1009 2008 παθόντα
1034 1939 1178 2039 γνῦναῦ

523 2062 712 2139 XXXVHI.
768 2061 985 2156 Εῖπάντοςδή
1007 2066 1122 2136 ταῦτα
1137 2067 1196 2136 τοῦ
1211 2061 1442 2156 Ἀλκιβιάδου,
1469 2069 1605 2158 γέλωτα

446 2197 594 2286 γενέσθαι
609 2194 662 2263 ἐπὶ
680 2198 725 2286 τῇ
745 2194 915 2288 παρρησίᾳ
933 2188 1056 2280 αῦτσῦ,
1081 2190 1133 2264 ’σ’τι
1150 2189 1253 2264 ἐδόκει
1274 2195 1323 2264 ἔτι
1340 2195 1501 2288 ἐρωτικῶς
1519 2197 1627 2287 ἔχεινι

446 2326 504 2392 τοῦ
526 2316 734 2416 Σωκράτους.
775 2316 830 2392 τὸν
849 2311 902 2391 οῦν
919 2316 1098 2414 Σωκράτη,
1125 2316 1252 2415 Νηφειν
1272 2346 1327 2413 μοι
1340 2325 1456 2406 δοκεῖς,
1484 2317 1605 2415 φάναι,

447 2440 471 2520 ὦ
489 2445 696 2543 Ἀλκιβιάδη.
750 2443 787 2517 οῦ
806 2444 871 2543 γάρ
894 2445 934 2519 άν
956 2443 1024 2518 ποθ’
1049 2445 1133 2519 οὕτω
1161 2448 1295 2545 κομψοῖς
1315 2444 1425 2546 κύκλῳ
1447 2454 1606 2544 περιβαλ·

445 2572 577 2669 λίμενος
595 2572 758 2670 άφανίσαι
777 2576 937 2669 ἐνεχείρεις
952 2565 992 2646 οῦ
1011 2578 1108 2647 ἕνεκα
1125 2581 1238 2648 ταῦτα
1254 2572 1348 2648 πάνθ’
1368 2578 1514 2670 είρηκσις,
1542 2580 1607 2650 καὶ

447 2701 490 2787 ὦς
516 2707 548 2774 ἐν
574 2708 723 2801 παρέργῳ
749 2701 792 2795 δὴ
819 2706 920 2795 λέγων
944 2703 999 2773 ἐπὶ
1023 2706 1178 2795 τελευτῆς
1204 2699 1287 2775 σιῦτό
1314 2707 1453 2796 ἐθηκας,
1488 2701 1532 2788 ὦς
1563 2703 1603 2779 οῦ

447 2826 560 2903 πάντα
582 2827 699 2903 τοῦτον
720 2834 815 2902 ἕνεκα
837 2827 991 2926 εἴρηκάς,
1018 2837 1076 2904 τοῦ
1098 2833 1155 2924 ἐμὲ
1180 2833 1239 2903 καί
1261 2828 1434 2925 Ἀγάθωνα
1459 2829 1606 2926 διαβάλ-
1694 2920 1699 2929 .

448 2966 528 3047 λειν,
557 2955 698 3052 οἰόμενος
712 2965 775 3031 δεῖν
796 2961 852 3052 ἐμὲ
869 2960 924 3051 μὲν
946 2965 1005 3030 σοῦ
1022 2963 1097 3055 ἐρᾶν
1116 2961 1175 3030 κσίι
1196 2938 1332 3052 μηδενὸς
1350 2957 1470 3049 άλλσυ,
1495 2958 1629 3055 Ἀγά-ι

447 3091 532 3159 θωνα
551 3082 578 3158 δ’
597 3082 662 3158 ῦπὸ
682 3092 740 3158 σοῦ
760 3090 896 3182 ἐρᾶσθαι
919 3088 978 3158 καί
1004 3083 1077 3179 μηδ’
1098 3084 1151 3183 ὑφ’
1179 3084 1248 3172 ἐνὸς
1274 3086 1387 3160 άλλου.
1413 3154 1416 3160 «
1442 3084 1511 3160 άλλῖ
1538 3088 1607 3162 οῦκ

447 3219 575 3302 ἔλαθες,
601 3210 692 3286 οίλλά
715 3210 752 3286 τὸ
778 3211 962 3309 Σατυρικόν
987 3241 1045 3286 σου
1069 3220 1183 3310 δρσῖμα
1210 3220 1306 3287 τοῦτο
1331 3216 1389 3287 καὶ
1410 3215 1605 3308 Σειληνικὸν

429 3338 639 3432 ’κατάδηλον
657 3345 791 3434 ἐγένετο.
845 3338 930 3428 ἀλλ’,
957 3333 982 3413 ὦ
1001 3343 1076 3437 φιλο
1088 3338 1248 3435 Ἀγάθων,
1276 3345 1376 3435 μηδὲν
1392 3347 1486 3415 πλέον
1506 3340 1604 3444 αῦτῳ

446 3475 600 3562 γένηται,
634 3462 725 3540 άλλά
746 3465 1021 3564 παρασκευάζου,
1048 3467 1135 3554 ὅπως
1159 3471 1215 3561 ἐμὲ
1241 3472 1301 3543 καὶ
1326 3472 1363 3542 σὲ
1388 3473 1501 3562 μηδεὶς
1526 3478 1604 3545 δια-

393 3640 397 3649 -
423 3644 425 3649 .
448 3601 549 3690 βαλεῖ
602 3593 666 3667 Τὸν
685 3587 738 3667 οῦν
754 3592 927 3690 Ἀγάθωνα
943 3600 1053 3686 εἰπεῖν,
1081 3599 1149 3671 Καὶ
1169 3594 1245 3691 μην,
1273 3589 1505 3693 ὦΣάκρατες,
1532 3626 1604 3673 κιν-

446 3722 585 3827 δυνεῦεις
609 3710 719 3817 άληθή
745 3729 863 3817 λέγειν·
898 3726 1117 3820 τεκμαίρομαι
1144 3727 1180 3797 δὲ
1204 3727 1264 3797 καὶ
1291 3722 1333 3810 ὡς
1360 3729 1539 3818 κατεκλίνη
1568 3733 1627 3801 ἐνε

448 3860 534 3952 μέσῳ
561 3856 639 3946 ἐμοῦ
663 3880 699 3923 τε
720 3853 779 3924 καὶ
799 3858 877 3938 σοῦ,
905 3854 959 3923 ίνα
979 3855 1074 3948 χωρὶς
1097 3850 1188 3947 ἡμᾶς
1213 3850 1369 3946 διαλάβη.
1423 3850 1514 3926 οῦδὲν
1542 3848 1602 3930 οῦν

449 3985 543 4052 πλέον
570 3977 662 4079 αῦτῳ
688 3984 800 4068 ἐσται,
828 3977 899 4052 άλλ’
927 3978 990 4073 ἐγῦ
1009 3978 1100 4076 παρά
1126 3983 1163 4052 σὲ
1185 3978 1279 4053 ἐλθάν
1299 3978 1601 4075 κατακλινήσομαι.

447 4105 542 4182 Πάνυ
567 4134 623 4202 γε,
655 4105 761 4204 φάναι
784 4106 840 4183 ,τὸν
865 4104 1042 4204 Σωκράτη.
1096 4105 1177 4205 δεῦρ’
1205 4105 1363 4181 ῦποκάτω
1387 4113 1465 4201 ἐμοῦ
1490 4136 1603 4184 κατα-

446 4239 567 4311 κλίνου.
615 4229 663 4307 Ὦ
685 4240 766 4325 Ζεῦ,
794 4239 891 4309 εἰπεῖν
916 4233 971 4307 τὸν
993 4233 1222 4329 Ἀλκιβιάδην,
1255 4233 1292 4308 οῖ’
1321 4229 1365 4308 αῦ
1392 4233 1508 4330 πάσχω
1535 4234 1602 4312 ὑπὸ

446 4371 506 4438 τοῦ
531 4360 708 4460 άνθράπου.
761 4367 865 4437 οίεταί
887 4391 948 4457 μου
974 4369 1038 4436 δεῖν
1065 4370 1220 4458 πανταχῇ
1252 4372 1415 4461 περιεῖναι.
1468 4362 1541 4438 ἀλλ’
1572 4372 1603 4440 εἰ

448 4489 496 4586 μή
517 4520 550 4565 τι
571 4481 671 4578 άλλσ,
699 4485 724 4565 ὦ
744 4488 923 4585 θαυμάσιε,
951 4474 984 4564 ἐν
1002 4498 1087 4591 μέσῳ
1107 4489 1200 4585 ἡμῶν
1225 4496 1266 4563 έα
1288 4489 1464 4586 Ἀγάθωνα
1490 4520 1602 4567 κατα-

446 4625 582 4694 κεῖσθαι.
633 4616 720 4692 Ἀλλ’
750 4617 930 4708 άδῦνατσν,
958 4617 1062 4714 φάναι
1089 4618 1143 4692 τὸν
1170 4617 1353 4716 Σωκράτη·
1380 4619 1423 4692 σῦ
1449 4623 1505 4713 μὲν
1532 4620 1601 4720 γάρ

447 4752 504 4843 ἐμὲ
521 4744 700 4842 ἐπῄνεσας,
727 4754 778 4821 δεῖ
800 4744 825 4821 δ’
846 4751 902 4842 ἐμὲ
924 4740 968 4822 αῦ
989 4745 1044 4821 τὸν
1070 4749 1124 4821 ἐπὶ
1149 4745 1228 4835 δεξί’
1253 4752 1402 4821 ἐπαινεῖν.
1454 4746 1513 4820 ἐάν
1542 4743 1600 4823 σῦν

446 4874 510 4953 ὑπὸ
530 4873 791 4970 σσὶκστακλινη
808 4873 975 4970 Ἀγάθων,
1003 4871 1040 4948 οῦ
1061 4872 1166 4968 δήπου
1186 4877 1242 4968 ἐμὲ
1262 4873 1358 4951 πάλιν
1378 4881 1598 4971 ἐπαινέσεται,
