3850 5700
778 713 1009 781 υἱθνιπωπιοιν.
1429 725 1472 797 23

316 868 450 965 ἐξαρκεῖ
468 866 583 953 οιιίτοῖς
607 863 674 961 μετ’
697 864 848 961 ἀλλήλων
874 872 1026 960 καταζῆν
1049 866 1201 963 ἀγάμοις.
1255 867 1388 955 πάντως
1414 872 1470 963 μὲν

318 989 374 1067 οῦν
393 993 409 1068 ὁ
429 1002 575 1081 τοιοῦτος
600 992 827 1091 παιδεραστής
852 1023 888 1067 τε
915 998 974 1068 καί
1001 995 1201 1092 φιλεραστής
1225 1001 1389 1091 γίγνεται,
1415 993 1471 1070 ἀεὶ

319 1122 356 1196 τὸ
377 1124 529 1219 ξυγγενὲς
546 1119 784 1217 ἀσπαζόμενος.
836 1122 915 1194 ὅταν
943 1126 1000 1218 μὲν
1022 1116 1076 1195 οῦν
1100 1126 1161 1196 καὶ
1184 1122 1276 1224 αὐτῷ
1296 1127 1404 1223 ἐκείνῳ
1423 1129 1471 1196 ἐν-

296 1248 403 1345 .τῦχη
418 1258 465 1350 τῷ
477 1248 584 1324 αὑτοῦ
603 1247 713 1343 ἡμίσει
728 1254 788 1322 καὶ
806 1248 821 1322 ὁ
842 1249 1069 1346 παιδεραστής
1079 1254 1146 1326 ,καὶ
1163 1249 1265 1337 ἀλλος
1283 1258 1369 1339 πᾶς,
1396 1250 1472 1324 τότε

317 1381 377 1451 καὶ
403 1375 648 1472 θαυμαστόταά
676 1376 917 1471 ἐκπλήττονται
942 1382 1037 1477 φιλίᾳ
1060 1406 1097 1451 τε
1125 1382 1185 1451 καὶ
1213 1376 1387 1475 οέκειίτητι
1411 1382 1472 1452 καὶ

318 1510 423 1602 ἔρωτι,
450 1504 512 1579 οῦκ
532 1510 699 1591 ἐθελοντες,
727 1502 770 1590 ὡς
790 1509 866 1591 ἐπες
884 1509 993 1596 εἰπεῖν,
1020 1510 1205 1602 χωρίζεσθαι
1226 1504 1378 1599 ἀλλήλων
1396 1504 1495 1580 οῦδὲι

318 1633 451 1730 σμικρὸν
465 1632 583 1730 χρόνον.
611 1636 670 1705 καὶ
686 1636 714 1705 οἱ
727 1638 953 1719 διατελοῦντες
970 1632 1038 1728 μετ’
1057 1631 1283 1726 ἀλλήλωνδιά
1298 1637 1365 1727 βίου
1381 1626 1473 1706 οὗτοί

317 1766 412 1850 εἰσιν,
440 1767 472 1833 οθ
489 1758 553 1834 οὐδ’
574 1759 615 1833 ἀν
638 1766 735 1854 ἔχοιεν
760 1765 875 1850 εἰπεῖν,
902 1760 918 1834 ’ό
942 1789 976 1834 τι
1000 1758 1172 1854 βούλονται
1197 1765 1290 1858 σφίσι
1314 1759 1390 1857 παρ’
1411 1758 1470 1834 ἀλ-

316 1886 423 1983 λήλων
441 1892 615 1983 γίγνεσθαι.
668 1885 748 1960 ου’δὲ
763 1886 828 1984 γὰρ
846 1886 887 1960 ἀν
910 1885 1015 1976 δθξειε
1031 1886 1128 1961 ταῦτ’
1149 1887 1231 1962 είναι
1247 1886 1269 1981 ή
1288 1895 1350 1962 τῶν
1370 1886 1470 1985 ἀφρο-

259 2097 265 2106 ,
315 2020 423 2091 δισίων
444 2020 611 2103 συνουσία,
639 2013 682 2101 ὦς
701 2013 769 2112 ἄρα
785 2012 905 2088 τοῦτου
925 2020 1021 2088 ἕνεκα
1038 2020 1145 2112 ἔτερος
1161 2021 1257 2115 ἐτέρῳ
1274 2019 1378 2112 χαίρει
1398 2017 1470 2103 ξυν-

316 2143 359 2218 ων
384 2144 488 2230 οὕτως
507 2146 561 2217 ἐπὶ
580 2141 728 2238 μεγαίλης
752 2150 914 2235 σπουδῆς·
949 2141 1020 2216 ἀλλ’
1039 2141 1123 2216 ἀλλο
1143 2172 1175 2215 τι
1196 2150 1373 2238 βουλομένη
1392 2148 1469 2217 ἐκα-

315 2271 450 2369 τέρουή
471 2270 560 2370 ψυχή
578 2270 665 2366 δήλη
684 2275 782 2362 ἐστίν,
809 2269 825 2343 ὃ
845 2268 881 2343 οῦ
901 2270 1045 2344 δῦναται
1065 2275 1175 2361 εἰπεῖν,
1202 2269 1294 2345 ἀλλά
1314 2268 1495 2364 μαντεία(1

315 2427 373 2473 ται
404 2398 421 2473 ὃ
445 2397 598 2494 βούλεται
625 2402 685 2472 καὶ
712 2402 902 2472 αἰνίττεται.
957 2401 1072 2471 καὶεί
1103 2397 1216 2485 αὐτοῖς
1243 2404 1275 2471 ἐν
1302 2406 1348 2499 τῷ
1376 2397 1469 2498 αῦτῷ

314 2534 566 2622 κατακειμένοις
585 2524 722 2612 ἐπιστοὶς
746 2523 987 2622 ὁἭιμαιστος,
1014 2531 1092 2620 έχων
1117 2524 1163 2600 τοί
1185 2525 1328 2624 ὄργανα,
1356 2532 1468 2623 ἔροιτο,

315 2660 359 2728 Τί
374 2653 437 2729 ἐσθ’
455 2653 471 2728 ὃ
491 2653 658 2749 βούλεσθε,
686 2647 904 2751 ὦαίνθρωποι,
930 2652 1006 2748 ὑμίν
1030 2652 1105 2751 παρ’
1130 2652 1283 2750 ἀλλήλων
1303 2659 1468 2750 γενέσθαι;
1496 2753 1498 2757 v

316 2825 364 2837 -·-
387 2786 491 2856 καὶεί
509 2780 717 2880 ἀποροῦντας
735 2780 859 2869 αῦτοῦς
876 2780 974 2856 ποίλιν
994 2787 1113 2880 ἐροιτο,
1134 2776 1223 2880 Ἀρά
1238 2810 1277 2878 γε
1294 2780 1381 2856 τοῦδ’
1401 2787 1469 2855 ἐπι-

313 2919 459 3005 θυμεῖτε,
486 2917 581 3011 ἐντῷ
602 2907 693 3010 αὐτῷ
713 2915 859 3005 γενέσθαι
874 2910 925 2983 ’ὁτι
946 2908 1077 3002 μάλιστ’
1099 2909 1272 3004 ἀλλήλοις,
1299 2910 1383 2983 ὥστε
1409 2912 1469 2983 καὶ

289 3039 423 3113 ’νύκτα
445 3041 507 3113 καὶ
531 3036 655 3134 ἡμέραν
681 3037 727 3133 μή
740 3036 988 3111 ’ἀπολείπεσθαι
1013 3036 1182 3133 ἀλλήλους
1217 3042 1245 3110 εί
1263 3037 1329 3134 γὰρ
1349 3035 1467 3110 τοῦτου

312 3173 512 3260 ἐπιθυμεῖτε,
546 3171 640 3239 ἐθέλω
662 3164 758 3259 Γῦμοῖς
784 3167 946 3261 συντήξαι
975 3169 1035 3238 καὶ
1060 3173 1233 3267 συμφῦσαι
1260 3171 1306 3252 είς
1331 3162 1467 3253 ταῦτίν,

308 3296 401 3371 ὥστε
414 3293 462 3368 δύ’
482 3293 580 3380 ὄντας
597 3298 655 3367 ἕνα
671 3301 837 3389 γεγονέναι
853 3296 913 3367 καὶ
929 3298 988 3381 έως
1006 3292 1033 3367 τ’
1051 3293 1091 3367 ἀν
1111 3301 1205 3386 ζῆτε,
1232 3291 1275 3380 ὡς
1299 3298 1355 3367 ἕνα
1375 3293 1490 3382 θντα,ο

312 3431 409 3519 κοινή
425 3421 628 3518 ἀμφοτέρους
646 3425 720 3516 ζῆν·
748 3420 909 3495 κάπειδὰν
928 3419 1134 3515 ἀποθάνητε,
1162 3428 1229 3495 ἐκεῖ
1246 3415 1291 3495 αὖ
1308 3427 1339 3494 ἐν
1348 3422 1466 3495 ’Ἅιδου

312 3551 392 3626 ἀντὶ
414 3558 498 3623 δυείν
526 3554 584 3622 ἕνα
609 3548 690 3623 είναι
719 3554 810 3644 κοινή
837 3554 998 3623 τεθνεῶτε.
1052 3548 1124 3622 ἀλλ’
1154 3547 1268 3646 ὁρᾶτε,
1297 3554 1325 3622 εί
1348 3547 1466 3622 τοῦτου

310 3683 414 3777 ἐράτε
435 3681 495 3751 καὶ
515 3679 647 3775 ἐξαρκεῖ
663 3675 756 3773 ῦμίν,
784 3675 825 3748 ἀν
845 3675 964 3750 τοῦτου
984 3676 1107 3772 τῦχητε
1131 3719 1179 3730 -
1202 3675 1298 3750 ταῦτ’
1318 3675 1467 3764 ἀκοίσας

310 3812 406 3902 ίσμεν
424 3805 474 3879 ὅτι
491 3803 558 3879 οὐδ’
573 3805 621 3877 ’ἄν
639 3804 684 3892 εἷς
701 3807 888 3900 ἐξαρνηθείη
912 3802 978 3879 οόδ’
1002 3802 1086 3878 ἀλλο
1109 3833 1142 3878 τι
1153 3803 1201 3878 ἀν
1220 3808 1338 3901 φανείη
1355 3801 1468 3898 βουλί-

311 3962 425 4031 μενος,
451 3931 523 4008 ἀλλ’
547 3931 690 4027 ἀτεχνῶς
715 3930 803 4007 οἴοιτ’
832 3932 873 4005 σίν
899 3931 1081 4038 ἀκηνροένοιι
1105 3939 1184 4022 τοῦ,
1218 3925 1255 4006 οὗ
1279 3929 1389 4004 πάλαι
1414 3929 1463 4028 ἀρ’

301 4061 481 4157 ἐπεθύμει,
508 4060 663 4135 συνελθίῑν
684 4063 744 4134 καὶ
762 4063 938 4147 συντακεὶς
954 4068 1001 4159 τῷ
1019 4066 1163 4161 ἐρωμένῳ
1184 4065 1222 4133 ἐκ
1240 4067 1327 4133 δυεῖν
1348 4057 1393 4146 εἷς
1414 4087 1467 4153 γε·

309 4195 432 4264 νέσθαι.
485 4196 582 4263 τοῦτο
601 4186 667 4286 γάρ
688 4193 759 4262 ἐστι
776 4192 921 4277 ταίτιον,
948 4188 999 4262 ὅτι
1015 4187 1038 4283 ή
1057 4187 1183 4286 ἀρχαία
1203 4186 1302 4285 μῦσος
1316 4185 1407 4282 ήμῶν
1424 4180 1464 4281 ἦν

309 4317 404 4411 αῦτη
420 4320 481 4391 καὶ
499 4311 580 4412 ἦμεν
600 4316 684 4390 ὅλοι·
711 4321 770 4390 τοῦ
785 4315 862 4389 ’θλου
882 4309 936 4389 οῦν
954 4321 999 4411 τή
1017 4320 1170 4415 ἐπιθυμίᾳ
1190 4319 1250 4389 καὶ
1265 4313 1372 4402 διώξει
1388 4320 1466 4412 ἔρως

231 4467 298 4518 193
310 4445 426 4540 ’ὄνομα
479 4447 540 4518 καὶ
564 4452 704 4541 προτοῦ,
730 4444 837 4541 ὥσπερ
861 4450 963 4538 λέγω,
990 4450 1023 4516 ἓν
1048 4438 1147 4538 ήμεν·
1173 4447 1241 4517 νυνὶ
1264 4446 1301 4516 δέ
1323 4440 1380 4516 διὰ
1404 4441 1490 4536 τήν·

308 4573 447 4648 ἀδικίαν
464 4576 675 4674 διῳκίσθημεν
692 4570 757 4645 ὑπὸ
773 4579 831 4645 τοῦ
849 4577 938 4661 θεοῦ,
964 4570 1115 4669 καθάπερ
1133 4569 1294 4669 Ἀρκάδες
1313 4569 1379 4644 ῦπὸ
1397 4578 1465 4643 Λα·
1567 4618 1569 4622 -

307 4705 534 4796 κεδαιμονίων.
575 4700 674 4799 τρίβος
690 4694 744 4774 οῦν
763 4705 870 4790 ἐστιν,
896 4699 954 4772 ἐοὶν
975 4698 1022 4793 μὴ
1040 4697 1169 4794 κὸσμιοι
1187 4692 1271 4793 ὦμεν
1289 4686 1370 4795 πρὸς
1385 4695 1466 4784 τοῦς

306 4828 418 4916 θεούς,
445 4829 533 4916 ὅπως
554 4829 600 4924 μὴ
618 4830 679 4901 καὶ
693 4821 785 4914 αὖθις
802 4827 1115 4923 διασχισθησόμεθα,
1141 4829 1201 4900 καὶ
1219 4829 1361 4924 περίίμεν
1381 4830 1466 4919 ἐμον-
