3850 5700
397 774 417 842 8
875 771 1083 828 ΠΛΑΤΩΝΟΣ

388 911 537 1011 Ἔρατος
555 910 622 987 οὔτ’
644 916 722 987 εἰσίν
746 912 822 988 ούτε
842 919 993 1009 λέγονται
1012 910 1067 987 ὑπ’
1087 911 1217 1000 ούδενός
1237 912 1304 990 ούτ’
1325 913 1461 1003 ἰδιῶτοο
1484 913 1562 990 σύτο

397 1048 556 1134 ποιητοῦ,
583 1039 656 1115 ἀλλ’
677 1038 831 1128 Ἡσίοδος
856 1046 982 1139 πρῶτον
1010 1045 1066 1136 μὲν
1093 1040 1174 1138 χάος
1199 1045 1283 1140 φησὶ
1307 1048 1473 1138 γενέσθαι,

1198 1204 1279 1278 αύτθρ
1297 1208 1386 1265 ἔπειτα

635 1296 690 1370 γαῖ’
705 1297 883 1369 εύμύστιρνος,
901 1301 1001 1357 πάντων
1019 1301 1078 1363 ίδοτ
1094 1297 1210 1371 οίοφσλίς
1227 1302 1284 1365 αίτί,

637 1392 682 1462 ηδ’
693 1388 785 1462 Ἔρος.

398 1524 481 1621 φησὶ
502 1519 588 1616 μετά
606 1518 643 1593 τό
669 1516 750 1614 χάος
773 1516 831 1593 δύο
856 1516 962 1592 τούτῶ
987 1524 1153 1614 γενέσθαι,
1179 1527 1241 1615 γῆν
1265 1549 1302 1595 τε
1324 1524 1386 1595 καὶ
1403 1519 1558 1620 Ἔρωτα

399 1652 607 1749 Παφμενιδης
632 1650 669 1721 δὲ
693 1645 754 1741 την
780 1653 902 1742 γένεσιν
929 1652 1015 1742 λέγει

637 1794 776 1865 πρώτιστον
794 1794 839 1863 μὲν
850 1790 961 1865 Ἔρωτα
979 1798 1046 1852 θεῶν
1064 1798 1191 1865 μητίσατο
1206 1796 1315 1854 πάντων.

394 1937 538 2040 Ἡσιόδῳ
553 1942 590 2012 δὲ
607 1940 666 2011 καὶ
679 1935 898 2023 Ἀκουσίλαος
913 1933 1070 2033 ὁμολογεῖ.
1124 1938 1208 2012 ούτῶ
1225 1938 1423 2035 πολλαχόθεν
1442 1939 1578 2035 ὁμολοο

397 2077 506 2164 γείται
524 2064 540 2141 ό
559 2065 670 2164 Ἔρως
685 2070 717 2138 ἐν
736 2073 805 2152 τοῖς
822 2062 1050 2163 πρεσβύτατος
1069 2065 1159 2151 εἰναι
1213 2065 1449 2166 Πφεσβύτατος
1466 2067 1496 2143 δ’
1515 2069 1557 2143 ῶν

399 2200 557 2291 μεγίστων
580 2191 713 2290 άγαθῶν
728 2190 806 2289 ἡμῖν
831 2190 936 2279 αἴτιός
955 2198 1051 2267 ἐστιν.
1105 2192 1141 2269 ού
1161 2194 1227 2294 γάφ
1248 2193 1340 2292 ἔγωγ’
1366 2201 1428 2292 ἕχον
1458 2202 1557 2272 εἰπεῖν

307 2399 309 2408 ,
398 2324 466 2398 ότι
482 2322 587 2419 μεῖζόν
609 2328 695 2396 ἐστιν
709 2320 832 2419 άγαθόν
853 2320 947 2409 εύθύς
967 2329 1026 2424 νέφ
1045 2321 1113 2397 όντι
1128 2322 1152 2416 ἧ
1170 2323 1312 2422 ἐραστὴς
1332 2324 1479 2423 χρηστός
1498 2329 1558 2400 καὶ

400 2457 526 2551 ἐραστῇ
551 2449 701 2525 παιδικά.
756 2448 773 2524 ὃ
799 2449 865 2547 γάρ
889 2449 949 2548 χρὴ
975 2447 1153 2549 άνθφῶποις
1169 2450 1320 2548 ἡγεῖσθαι
1345 2454 1474 2542 παντὸς
1498 2462 1557 2529 τού

400 2585 469 2676 βίον
489 2589 558 2666 τοίς
580 2585 733 2674 μέλλουσι
755 2585 867 2665 καλῶς
890 2577 1080 2674 βιάσεσθαι,
1106 2578 1195 2654 τοῦτ’
1216 2579 1292 2655 σύτο
1313 2582 1489 2677 ξυγγένεισ.
1506 2586 1559 2658 οἰιι

400 2705 428 2782 τ’
447 2713 586 2801 ἐμποιεῖν
611 2706 695 2780 οὕτω
714 2712 826 2793 καλῶς
844 2704 919 2780 ούτε
937 2710 1032 2803 τιμαί
1054 2707 1129 2782 ούτε
1148 2715 1290 2796 πλοῦτος
1307 2707 1375 2784 ούτ’
1394 2707 1484 2785 άλλο
1505 2710 1555 2786 ού-

399 2839 451 2911 δὲν
474 2833 517 2924 ῶς
532 2840 618 2934 ἔρως.
670 2838 807 2930 λέγωδὲ
827 2833 870 2930 δὴ
893 2839 927 2909 τί
948 2842 1062 2922 τούτο;
1089 2835 1149 2930 την
1168 2839 1223 2912 ἐπὶ
1245 2840 1301 2931 μὲν
1319 2845 1388 2927 τοίς
1408 2843 1582 2940 αἰσχφοῐςι

400 2963 575 3060 αἰσχύνην,
603 2967 657 3038 ἐπὶ
680 2968 717 3039 δὲ
740 2971 808 3053 τοίς
834 2969 949 3052 καλοῖς
972 2969 1175 3061 φιλοτιμίαν·
1209 2965 1247 3040 ού
1269 2967 1335 3065 γάρ
1359 2972 1449 3042 ἔστιν
1478 2969 1559 3044 άνεο

399 3092 523 3168 τούτων
541 3092 616 3168 ούτε
633 3091 725 3201 πόλιν
744 3089 810 3167 ούτ’
833 3091 963 3186 ἰδιώτην
981 3092 1114 3189 μεγάλοι
1135 3096 1196 3168 καὶ
1218 3093 1312 3169 καλά
1327 3101 1409 3194 ἔφγα
1423 3096 1559 3195 ἐξεργά-

401 3227 517 3310 ζεσθαι.
572 3224 657 3319 φημὶ
672 3224 777 3295 τοίνυν
798 3220 860 3316 έγῶ
879 3219 986 3319 άνδφα
1001 3221 1092 3308 όστις
1109 3227 1185 3323 ἐφηῖ,
1212 3226 1242 3296 εἰ
1259 3252 1292 3297 τι
1307 3223 1439 3322 αἰσχρόν
1458 3233 1559 3301 ποιῶν

400 3348 592 3441 κατάδηλος
607 3334 747 3444 γίγνοιτο
765 3347 788 3444 ἧ
807 3346 941 3444 πάσχων
961 3347 1025 3424 ὑπό
1046 3377 1116 3441 του,
1142 3349 1180 3424 δι’
1203 3348 1380 3450 ἀνανδρίαν
1401 3352 1452 3447 μή
1472 3353 1562 3451 άμο-

400 3476 548 3571 νόμενος,
575 3474 642 3550 ούτ’
664 3475 706 3550 άν
723 3474 787 3551 ύπό
813 3476 939 3575 πατρὸς
960 3475 1100 3575 ὀφθέντα
1119 3479 1223 3566 ούτῶς
1240 3477 1390 3576 άλγῆσοιι
1412 3479 1481 3554 οὔθ’
1503 3480 1559 3581 ὑφ’

402 3609 536 3703 ἑταίρων
555 3603 622 3678 ούθ’
647 3603 702 3679 ύπ’
722 3604 826 3680 άλλον
844 3604 988 3697 ούδονός,
1016 3605 1061 3694 ῶς
1078 3605 1141 3682 ύπό
1164 3615 1333 3682 παιδικῶν.
1386 3606 1498 3685 ταύτό
1523 3615 1584 3686 δὲν

400 3742 498 3808 τούτο
523 3736 583 3807 καί
602 3732 826 3851 τόνέφῶμενον
851 3732 972 3833 ὁρῶμεν
994 3734 1045 3809 ότι
1069 3734 1288 3834 διαφερόντως
1306 3734 1386 3824 τούς
1410 3739 1563 3836 ἐραστάς

403 3860 611 3958 αἰσχύνεται,
637 3854 717 3936 όταν
739 3859 825 3960 όφθῄ
847 3867 879 3935 ἐν
897 3866 1020 3965 αἰσχρῷ
1040 3867 1103 3937 τινὶ
1127 3863 1180 3937 ῶν.
1235 3869 1263 3938 εἰ
1279 3858 1335 3938 σύν
1354 3865 1492 3964 μηχανή
1510 3896 1563 3956 τις

400 3999 540 4086 γένοιτο,
575 3990 660 4064 ῶστε
683 3987 776 4070 πόλιν,
798 3995 947 4085 γενέσθαι
969 3989 992 4085 ἧ
1014 3993 1235 4089 στρατόπεδον
1260 3997 1405 4090 ίφαστῶν
1433 4000 1477 4069 τε
1500 4000 1563 4071 καί

402 4126 571 4209 παιδικῶν,
599 4116 660 4194 ούκ
677 4124 763 4192 ἔστιν
780 4118 867 4206 όπως
882 4117 925 4193 άν
943 4118 1072 4214 άμεινον
1090 4119 1258 4214 οἰκήσειαν
1274 4120 1335 4216 την
1353 4126 1484 4197 έαντῶν
1504 4124 1562 4226 [τῇ

402 4245 593 4343 ἀπεχόμενοι
612 4245 742 4321 πάντων
761 4255 826 4322 τῶν
842 4251 983 4345 αἰσχρῶν
1002 4251 1061 4321 καὶ
1076 4248 1336 4345 φιλοτιμούμενοι
1352 4248 1432 4347 πφός
1451 4250 1562 4351 άλλη-

344 4383 487 4462 ιτνλοινς.
540 4379 600 4449 καὶ
616 4373 792 4472 μαχόμενοί
810 4373 841 4472 γ’
860 4374 900 4449 άν
919 4374 987 4471 μετ’
1007 4374 1158 4468 ἀλλήλων
1177 4381 1207 4451 οἰ
1226 4383 1368 4452 τοιούτοι
1384 4388 1502 4482 νικῷεν
1517 4381 1587 4456 άνν

402 4501 503 4598 όλίγοι
528 4500 635 4589 όντες,
662 4501 706 4591 ῶς
730 4508 805 4590 ἔπος
830 4507 947 4594 εἰπεῖν,
982 4502 1113 4592 πάντας
1137 4503 1331 4603 ἀνθρώπους.
1385 4511 1466 4606 ἐρῶν
1493 4510 1564 4609 γάρ

402 4628 486 4727 άνήφ
509 4628 572 4704 ύπό
595 4639 752 4704 παιδικῶν
778 4629 916 4728 όφθῆναι
937 4630 960 4726 η’
984 4631 1085 4706 λιπῶν
1110 4631 1204 4722 τάξιν
1222 4633 1246 4728 ἦ
1265 4634 1354 4709 ’όπλοι
1376 4632 1563 4733 άποβαλῶν

401 4751 502 4855 ἧττον
525 4759 566 4833 άν
587 4758 699 4853 ἱδηπον
725 4761 855 4849 δέξαιτο
880 4759 903 4854 ἢ
926 4758 991 4834 ύπό
1015 4759 1146 4834 πάντων
1172 4769 1235 4835 τῶν
1256 4761 1385 4855 άλλονν,
1412 4769 1480 4842 καί
1503 4768 1565 4867 πρὸ

401 4885 520 4963 τούτου
537 4886 687 4961 τεθνάναι
705 4887 745 4962 άν
764 4886 923 4975 πολλάκις
938 4893 1053 4962 ἕλοιτο.
1100 4893 1161 4964 καὶ
1181 4891 1245 4986 μὴν
1264 4897 1505 4987 ἐγκαταλιπεῖν
1524 4925 1566 4993 γε
