3850 5700
400 754 442 821 28
874 752 1081 809 Πιιιτινινοκ

401 918 514 968 πεται·
540 894 614 968 ’όσον
634 888 689 968 οὖν
707 893 865 984 δυνατόν,
892 901 1059 991 πειρατέον
1079 893 1125 990 μή
1143 898 1306 969 ἐλλείπειν.
1353 898 1414 970 καὶ
1430 903 1561 993 πρῶτον

401 1030 476 1116 μέν,
503 1020 538 1095 ίν’
559 1016 605 1096 αὖ
629 1020 724 1118 κάγώ
748 1022 808 1117 τήν
830 1021 992 1120 ἡμετέραν
1015 1029 1129 1117 τέχνην
1153 1021 1281 1116 τιμήσω
1304 1023 1411 1121 ὥσπερ
1427 1021 1561 1121 Ἐρυξί-

401 1178 506 1245 μαχος
522 1149 583 1242 τήν
605 1156 743 1237 ἑαυτοῦ,
771 1149 912 1245 ποιητής
929 1149 944 1224 ὁ
961 1149 1029 1237 θεὸς
1046 1149 1146 1247 σοφός
1163 1150 1282 1240 οὕτως,
1311 1151 1396 1225 ὅστε
1416 1153 1479 1225 καὶ
1500 1151 1583 1225 άλ-ο

400 1284 454 1351 λον
479 1271 631 1373 ποιήσαι·
659 1286 728 1365 πάς
751 1286 831 1374 γοῦν
852 1278 991 1373 ποιητής
1014 1282 1177 1374 γίγνεται,
1205 1278 1268 1352 κάν
1293 1278 1441 1374 άμουσος
1468 1272 1493 1375 ή
1522 1279 1560 1352 τὸ

401 1410 490 1504 πρίν,
517 1399 553 1480 οό
572 1405 612 1479 άν
627 1404 738 1503 Ἔρως
757 1406 899 1505 ἅψηται.
953 1399 978 1507 ᾧ
996 1404 1039 1502 δή
1058 1413 1170 1504 πρέπει
1187 1404 1278 1502 ήμάς
1297 1412 1463 1508 μαρτυρίῳ
1480 1414 1561 1505 χρή-

402 1539 494 1625 σθαι,
521 1534 572 1607 ότι
595 1533 735 1629 ποιητής
753 1533 891 1631 όἜρως
908 1532 1033 1629 άγοιθός
1051 1540 1083 1607 ἐν
1100 1539 1270 1636 κεφαλαίῳ
1291 1542 1405 1609 πάσαν
1425 1539 1560 1629 ποίησιν

401 1660 461 1755 τήν
480 1660 574 1736 κατά
591 1661 768 1758 μουσικήν·
795 1660 820 1735 οἳ
838 1660 902 1759 γάρ
920 1691 971 1750 τις
993 1661 1016 1756 ή
1039 1661 1085 1759 μή
1108 1667 1172 1758 ἐχει
1188 1662 1211 1756 ή
1230 1662 1276 1757 μή
1295 1661 1395 1754 οἶδεν,
1423 1662 1494 1737 οὔτ’
1518 1663 1560 1737 άν

343 1795 498 1891 ιυτέτέρῳ
525 1792 598 1882 δοίη
623 1788 689 1863 οὔτ’
713 1788 757 1863 άν
782 1789 884 1865 άλλον
908 1789 1059 1879 διδάξειε.
1112 1794 1171 1865 καί
1196 1794 1252 1886 μὲν
1276 1790 1318 1885 δὴ
1340 1789 1403 1904 τήν
1425 1819 1466 1885 ΥΕ
1494 1798 1595 1901 “3⁹5

402 1916 486 2018 ζῴων
511 1922 638 2011 ποίησιν
658 1916 789 1992 πάντων
814 1923 864 2006 τίς
889 1916 1120 1993 ἐναντιώσεται
1138 1917 1185 2014 μή
1212 1916 1284 2013 οόχὶ
1302 1916 1454 2015 Ἔρωτος
1475 1918 1562 1993 εἶναι

401 2050 537 2143 σοφίαν,
564 2039 587 2141 ή
607 2050 755 2141 γίγνεταί
776 2076 813 2120 τε
837 2050 897 2121 καὶ
921 2044 1042 2144 φύεται
1064 2045 1179 2120 πάντα
1198 2045 1244 2120 τά
1263 2054 1349 2146 ζῴας
1375 2044 1471 2120 άλλοὶ
1498 2046 1560 2142 τήν

401 2181 464 2247 των
481 2178 599 2271 τεχνῶν
617 2180 830 2272 δημιουργίαν
855 2173 916 2249 οὐκ
939 2178 1049 2269 ίσμεν,
1077 2173 1128 2248 ότι
1148 2167 1185 2247 οὗ
1201 2178 1257 2270 μὲν
1276 2173 1317 2247 άν
1341 2172 1356 2247 ὁ
1374 2172 1442 2262 Θεὸς
1462 2168 1567 2263 οὗτος·

399 2300 602 2390 διδάσκαλος
627 2310 781 2396 γένηται,
815 2301 983 2399 ἐλλόγιμος
1010 2306 1069 2376 καὶ
1097 2301 1200 2400 φανός
1226 2300 1356 2397 άπέβη,
1390 2295 1428 2377 οὗ
1456 2302 1487 2377 δ’
1518 2303 1561 2377 άν

392 2428 502 2528 Ἔρως
523 2429 570 2526 μή
594 2429 785 2529 ἐφάψηται,
813 2430 995 2517 σκοτεινός;
1022 2429 1154 2525 τσξικήν
1172 2459 1211 2526 γε
1233 2430 1296 2527 μήν
1318 2435 1378 2505 καὶ
1402 2431 1560 2529 ἰατρικήν

399 2561 460 2631 καὶ
481 2558 643 2652 μαντικήν
660 2556 830 2631 Ἀπόλλων
847 2557 998 2655 άνευρεν,
1026 2563 1199 2654 ἐπιθυμίας
1217 2561 1277 2632 καὶ
1297 2564 1416 2656 ἔρωτος
1433 2557 1562 2655 ήγεμο-

399 2683 593 2775 νεύσαντος,
620 2675 705 2759 Ιὥστε
722 2689 781 2759 καὶ
796 2679 1050 2782 οότοςἝρωτός
1067 2685 1108 2759 άν
1127 2691 1177 2780 είη
1194 2684 1363 2780 μαθητής,
1390 2689 1451 2760 καὶ
1468 2693 1561 2762 Μοῦ-

400 2841 458 2888 σαι
483 2821 644 2909 μουσικῆς
671 2817 731 2888 καὶ
746 2813 937 2912 Ἥφαιστος
962 2818 1120 2911 χαλκείας
1141 2818 1202 2889 καὶ
1219 2813 1343 2909 Ἀθηνᾶ
1366 2818 1562 2914 ίστουργίας

399 2946 460 3017 καὶ
473 2942 555 3030 Ζεός
569 2941 790 3040 κυβερνήσεως
807 2948 881 3016 θεῶν
899 2971 935 3016 τε
951 2946 1011 3016 καὶ
1026 2942 1207 3041 ἀνθρώπων.
1235 2943 1302 3018 ὅθεν
1320 2943 1438 3037 δήκαὶ
1456 2968 1587 3019 κατε-ο

364 3159 368 3163 ¹
401 3070 567 3164 σκευάοθη
586 3079 650 3145 τῶν
671 3076 745 3145 θεῶν
765 3070 811 3144 τά
831 3071 1018 3168 πράγματα
1032 3071 1181 3168 Ἔρωτος
1200 3077 1424 3167 ἐγγενομένου,
1453 3079 1560 3165 δῆλον

400 3199 451 3273 ότι
469 3197 627 3286 κάλλους·
656 3204 763 3293 αἴσχει
779 3197 843 3296 γάρ
861 3197 922 3272 σόκ
940 3205 1068 3272 ἔπεστιν
1078 3199 1199 3297 Ἔρως.
1236 3207 1355 3298 προτοῦ
1370 3207 1417 3290 δέ,
1445 3199 1561 3298 ὥσπερ

400 3332 431 3398 ἐν
451 3325 538 3424 ἀρχή
556 3325 653 3417 είπον,
680 3325 788 3400 πολλοὶ
804 3330 865 3400 καὶ
882 3325 973 3401 δεινοὶ
989 3332 1068 3413 Θεσίς
1088 3331 1240 3422 ἐγίγνετο,
1267 3326 1310 3415 ὡς
1325 3333 1471 3421 λέγεται,
1501 3329 1561 3404 διά

401 3453 459 3548 τήν
480 3461 542 3547 τής
564 3452 732 3550 Ἀνάγκης
752 3460 936 3550 βασιλείαν·
964 3455 1075 3548 ἐπειδή
1099 3454 1127 3528 δ’
1154 3453 1169 3528 ὁ
1194 3454 1261 3542 θεὸς
1286 3448 1381 3542 οὗτος
1406 3460 1492 3553 ἐφυ,
1520 3465 1560 3533 ἐκ

400 3588 459 3654 τοί
480 3587 555 3679 ἐράν
580 3590 643 3655 τῶν
661 3589 771 3656 καλῶν
789 3581 883 3656 πάντ’
903 3581 1018 3678 άγαθά
1040 3591 1151 3679 γέγονε
1172 3589 1232 3657 καὶ
1251 3590 1331 3670 Θεοῖς
1353 3586 1413 3658 καὶ
1434 3582 1582 3684 άνθρό-ι

401 3737 481 3797 ποις.
533 3709 649 3797 Οὕτως
672 3713 742 3805 ἐμοὶ
761 3718 867 3800 δοκεῖ,
894 3705 1080 3809 όΦαῶρε,
1098 3710 1209 3809 Ἔρως
1234 3720 1360 3809 πρῶτος
1385 3709 1493 3800 αὐτὸς
1514 3714 1558 3788 ω“ν

399 3837 576 3925 κάλλιστος
596 3841 655 3912 καὶ
677 3836 813 3935 άριστος
832 3838 917 3933 μετά
934 3846 1033 3913 τοῦτο
1052 3848 1121 3927 τοῖς
1137 3838 1250 3926 ἄλλοις
1266 3837 1374 3913 σίλλων
1394 3838 1559 3916 τσιοότων

400 3970 504 4054 α’ίτιος
521 3965 611 4040 εἶναι.
665 3971 834 4065 ἐπέρχεται
850 3973 889 4041 δέ
905 3973 959 4061 μοί
975 3997 1008 4042 τι
1030 3975 1090 4041 καὶ
1107 3973 1262 4066 ἔμμετρον
1285 3973 1401 4057 εἰπεῖν,
1428 3969 1484 4043 ότι
1503 3965 1559 4045 σό-

399 4093 455 4181 τός
476 4100 561 4169 ἐστιν
586 4093 602 4168 ό
626 4101 723 4169 ποιῶν

636 4252 739 4321 εἰρήνην
756 4253 801 4321 μὲν
819 4253 844 4307 ἐν
862 4250 1018 4321 ἀνθρώποις,
1038 4252 1144 4322 πελάγει
1159 4253 1190 4310 δί
1206 4252 1327 4323 γαλήνην,

632 4348 750 4414 νηνεμίαν
769 4342 882 4415 α’νέμων,
901 4343 976 4402 όπνον
993 4345 1014 4400 τ’
1034 4347 1071 4401 ἐνὶ
1088 4348 1161 4418 κοίτη
1179 4346 1273 4416 άκηδή

400 4475 492 4567 οὗτος
507 4477 535 4553 δ’
552 4477 644 4574 ήμάς
662 4477 915 4576 ἀλλοτριότητος
933 4483 988 4573 μὲν
1008 4490 1111 4570 κενοί,
1139 4479 1338 4574 οἰκειότητος
1359 4484 1396 4554 δὲ
1422 4487 1584 4580 πληροῖ,ι

399 4609 462 4696 τοὶς
479 4607 613 4682 τοιάσδε
635 4606 786 4696 ξυνόδους
804 4605 871 4702 μετ’
892 4604 1048 4702 γάλλήλων
1075 4606 1189 4695 πάσας
1213 4611 1309 4695 τιθεὶς
1332 4610 1496 4699 ξυνιέναι,
1523 4617 1557 4685 έν

400 4744 545 4836 ἑορταῖς,
573 4741 604 4808 ἐν
627 4745 747 4832 χοροίς,
774 4741 805 4808 ἐν
830 4738 955 4822 θυσίαις
983 4735 1167 4831 γιγνόμενος
1192 4734 1337 4832 ἡγεμών·
1371 4736 1559 4837 πρᾳότητα

399 4871 455 4961 μὲν
471 4870 616 4964 πορίζων,
637 4861 823 4962 ἀγριότητα
837 4862 863 4936 δ’
884 4865 1042 4962 ε’ξορίζων·
1071 4864 1244 4963 φιλόδωρος
1263 4863 1441 4960 εόμενείοις,
1466 4867 1557 4942 ἄδω-
