3850 5700
848 753 1046 803 cesarano.
1466 750 1529 819 vn

371 889 441 935 nulle
463 889 607 936 auctoritate
631 894 656 936 et
678 903 753 937 sensu
774 891 855 937 minus
879 892 1019 949 commodo,
1047 882 1093 941 ctist
1116 887 1152 941 ἔνι
1171 881 1270 955 Ἔρως.
1315 883 1408 942 ίίπνον
1431 886 1455 941 1²
1479 887 1527 941 ἐνί

371 980 467 1048 κοιτῇ
485 975 596 1046 ἀκηδῆ
615 1009 655 1029 -.
691 983 754 1030 Vide
772 985 882 1043 quaede
900 986 1030 1043 hocloco,
1056 989 1081 1032 et
1097 985 1162 1031 inira
1180 986 1210 1032 de
1234 981 1354 1053 ἐνιπλῷ
1378 1002 1401 1036 κ.
1420 1000 1443 1034 τ.
1462 980 1482 1034 ὲ
1500 985 1527 1030 in

372 1076 498 1124 Addendis
516 1077 548 1123 ad
564 1076 746 1136 Euthydemum
763 1077 895 1137 disputavi.
1069 1067 1073 1072 ’
1256 1142 1259 1147 ¹

443 1172 500 1218 198.
535 1168 647 1220 δεινοῦ
674 1168 781 1235 λέγειν
807 1168 837 1221 ἐν
860 1170 903 1238 τῷ
930 1167 1013 1237 λόγῳ
1033 1199 1073 1217 -.
1107 1173 1237 1220 Postrema
1257 1174 1283 1219 in
1305 1168 1420 1236 πελώρου
1438 1171 1528 1218 mutari

357 1269 487 1324 ’oportere
507 1265 604 1323 Jamdiu
621 1266 759 1325 suspicatus
777 1280 846 1326 sum3
874 1267 917 1313 sed
934 1268 1000 1326 quod
1017 1263 1123 1329 πέμψας
1141 1267 1273 1314 sollicitere
1290 1268 1372 1325 volui,
1399 1267 1425 1312 in
1443 1280 1472 1313 co
1490 1279 1527 1313 er·

372 1360 440 1417 ravi,
466 1358 570 1406 verbum
594 1360 707 1417 quamvis
732 1359 771 1406 hic
794 1360 874 1407 minus
898 1365 997 1419 aptum,
1026 1375 1056 1407 cx
1077 1360 1187 1408 Homero
1209 1361 1310 1408 retinuit
1334 1361 1432 1407 Noster.
1471 1356 1527 1409 τοῦ

372 1448 517 1501 ἐπαινεῖν
541 1446 651 1502 ὁτιοῦν
669 1480 711 1497 -.
746 1453 815 1500 Haec
838 1454 941 1501 insititio
958 1469 1013 1502 esse
1031 1455 1113 1513 quivis
1130 1459 1259 1514 agnoscet,
1286 1455 1328 1513 qni
1344 1456 1432 1501 falsam
1450 1453 1525 1499 inter-

371 1546 534 1604 pretationem
552 1547 677 1593 continere
701 1532 862 1607 perspexerit.
900 1549 1002 1595 Accedit
1025 1549 1091 1607 quod
1115 1563 1165 1596 non
1186 1542 1309 1613 ἄληδειαν
1331 1548 1374 1595 sed
1398 1537 1527 1610 c’p‘idmtu

372 1653 402 1685 eo
420 1653 495 1687 sensu
512 1640 620 1687 dixisset.
656 1640 749 1687 Contra
766 1634 842 1698 είδώς
859 1636 906 1706 τήν
924 1633 1047 1707 ἀλήθειαν
1065 1644 1096 1690 ad
1113 1643 1157 1689 ille
1173 1642 1303 1690 referenda
1325 1647 1383 1688 sunt
1407 1654 1469 1699 qnae
1487 1654 1526 1687 su·

372 1747 419 1793 pra
435 1735 512 1780 dixit:
524 1730 596 1797 ’ἔφην
615 1726 678 1783 εἶναι
695 1730 777 1791 δεινὸς
794 1729 826 1785 τὰ
844 1729 961 1798 ἐρωτικοί.
1359 1721 1363 1729 ’

443 1831 499 1875 199.
533 1818 697 1892 ἀδελφός,
716 1821 794 1878 αὐτό
817 1822 904 1879 τοῦθ’
926 1821 1006 1892 ’ὅπερ
1033 1826 1134 1893 ἔστιν,
1163 1826 1233 1879 ἔστι
1256 1824 1349 1886 τινος
1371 1820 1526 1893 ἀδελφός,

372 1910 391 1983 ἦ
411 1912 461 1980 0133
484 1920 510 1967 Si
527 1923 631 1968 alterum
649 1914 761 1986 οἶδελφὸς
779 1937 794 1970 a
811 1923 914 1971 Platone
931 1924 1069 1983 proiectum
1087 1928 1159 1982 esset,
1178 1938 1228 1971 non
1245 1924 1293 1982 hie,
1311 1924 1354 1971 sed
1371 1924 1455 1970 statim
1471 1925 1528 1982 post

373 2011 440 2065 ἔστιν
458 2029 528 2062 snum
544 2017 625 2063 locum
642 2016 776 2064 habuisset.

441 2111 499 2156 200.
535 2107 738 2174 μεμνημένος
755 2137 795 2155 -.
833 2111 926 2158 Vocem
943 2112 1066 2178 inutilem,
1085 2113 1208 2171 glossema
1226 2110 1270 2161 τοῦ
1288 2104 1412 2175 φύλαξον,
1431 2110 1527 2158 seclusi.
1589 2103 1592 2108 ’

372 2197 406 2252 τὸ
427 2200 475 2259 είς
491 2198 543 2254 τὸν
562 2200 673 2255 ἔπειτα
690 2200 806 2270 χρόνον
821 2220 844 2254 κ.
863 2219 884 2253 τ.
904 2200 924 2254 ἓ.
959 2205 1029 2252 Haec
1046 2206 1067 2252 si
1084 2206 1247 2262 retineantur,
1271 2204 1412 2268 hujusmodi
1430 2208 1527 2251 senten·

372 2296 407 2342 tia
424 2297 483 2344 erit:
510 2295 584 2348 τοῦτο
608 2293 676 2348 ἐστίν
695 2294 766 2361 ἐρᾶν,
789 2293 818 2347 ‘td
838 2290 900 2348 εἶναι
920 2325 958 2343 -.
996 2297 1045 2345 Sed
1062 2299 1177 2357 quoniam
1194 2300 1261 2345 nullo
1279 2302 1351 2357 paeto
1368 2298 1423 2345 lieri
1445 2303 1526 2357 potest
1587 2358 1589 2362 Ι

372 2396 399 2436 ut
416 2405 502 2450 capere
517 2377 582 2437 idem
600 2392 632 2438 sit
649 2392 715 2450 quod
732 2406 789 2449 esee,
808 2393 954 2439 sententiam
973 2407 986 2438 e
1003 2392 1207 2452 praecedentibus
1224 2393 1362 2450 conflatam,
1381 2405 1469 2451 parum
1487 2406 1525 2439 so-

371 2485 440 2532 lertis
458 2485 606 2532 enarratoris
624 2498 685 2545 opus
704 2499 757 2532 esse
776 2485 938 2533 certissimum
956 2490 1001 2532 est.

441 2582 498 2627 202.
535 2574 566 2627 ἑν
586 2574 677 2644 μέσῳ
696 2572 720 2629 δ’
739 2568 773 2630 ’ὃν
791 2571 981 2644 ἀμφοτέρων
1000 2548 1193 2646 συμπληροῖ
1207 2580 1232 2626 in
1251 2580 1363 2627 omnihus
1380 2579 1449 2627 libris
1467 2579 1526 2627 seri-

371 2677 441 2733 ptum
458 2673 591 2720 invenitur.
627 2671 675 2719 Sed
693 2672 748 2730 quis
758 2687 873 2732 uuquam
892 2672 1038 2737 συμπληροῖ
1053 2674 1106 2720 sine
1124 2687 1182 2720 casu
1200 2675 1306 2733 positum
1324 2673 1404 2720 vidit?
1425 2678 1450 2720 et
1467 2686 1526 2730 quo·

372 2765 445 2813 modo
464 2767 526 2813 scire
548 2767 671 2825 possimus
689 2767 748 2825 quid
766 2768 798 2814 sit
814 2767 875 2813 illud
893 2768 957 2825 quod
975 2768 1053 2814 Amor
1070 2770 1193 2828 complere
1210 2768 1318 2826 dicetur,
1345 2768 1393 2814 nisi
1416 2767 1525 2813 nomine-

372 2862 428 2908 tur?
463 2861 546 2920 Quare
564 2861 728 2909 neeessariam
745 2874 832 2908 vocem
850 2836 865 2907 a
881 2861 1007 2909 simillima
1024 2862 1166 2922 absorptam
1183 2864 1307 2910 revocavi.

442 2956 499 3003 208.
535 2952 671 3018 μαγείαν
690 2981 731 2999 -.
767 2953 807 3002 Sic
824 2955 940 3014 rescripsi
957 2970 1003 3014 pro
1021 2953 1147 3018 μαντείαν.
1178 2956 1306 3002 Divinatio
1320 2956 1374 3015 jam
1389 2969 1463 3015 snpra
1481 2969 1525 3002 suo
1594 2964 1598 2974 “

371 3051 427 3096 loeo
444 3049 524 3108 posita
541 3053 590 3107 est3
619 3044 716 3112 ίπῳδοιί
735 3052 829 3106 eutem,
855 3053 882 3095 ut
900 3050 1000 3110 opinor,
1027 3050 1059 3096 ad
1077 3050 1221 3097 universum
1238 3063 1316 3109 genus
1340 3044 1448 3112 μαγείας
1472 3049 1525 3095 sive

374 3140 540 3206 μαγγανείας,
566 3143 704 3202 pertinent3
733 3157 811 3201 eaque
834 3158 919 3190 rursus
943 3158 998 3190 cum
1022 3140 1127 3208 γοητείᾳ
1144 3144 1292 3190 artissimam
1309 3142 1385 3189 habet
1400 3143 1525 3202 cognatio·

368 3250 436 3282 nem.
471 3230 567 3301 φύσει
590 3228 734 3299 ἐραστής
757 3230 797 3287 aiv
816 3233 889 3300 περὶ
912 3231 946 3287 τὸ
971 3231 1070 3287 καλὸν
1089 3265 1129 3282 -.
1165 3237 1346 3285 Grammaticus
1364 3241 1438 3295 quum
1455 3237 1524 3296 igno-

373 3335 440 3377 raret
457 3330 514 3388 quid
532 3334 597 3376 esset
620 3327 718 3392 περίτι
736 3323 811 3389 είναι,
838 3326 949 3395 ἐραστής
968 3331 1103 3392 supplevit,
1130 3332 1196 3390 qn'od
1213 3345 1298 3379 omnes
1315 3331 1362 3378 huc
1379 3344 1457 3389 usque
1474 3344 1525 3377 ma-

372 3437 431 3470 nere
449 3424 516 3483 passi
533 3428 596 3470 sunt.
632 3424 766 3470 Enimvero
785 3439 815 3471 ne
834 3423 955 3472 Graecum
969 3425 1072 3485 ¹quidem
1090 3429 1128 3473 est
1146 3421 1257 3488 ἐραστὴς
1274 3416 1332 3487 περὶ
1343 3419 1372 3474 τὸ
1385 3417 1463 3474 καλὸν
1480 3438 1525 3484 pro

371 3514 417 3566 τοῦ
435 3516 522 3567 καλοῠι
558 3517 631 3576 Quod
648 3518 679 3563 ad
697 3519 751 3576 ista,
770 3513 815 3566 καί
832 3515 880 3581 τῆς
897 3510 1052 3582 Ἀφροδίτης
1069 3517 1151 3583 καλῆς
1171 3506 1258 3580 οὔσης,
1277 3508 1371 3576 attinet,
1390 3519 1432 3577 qni
1449 3519 1526 3565 lector

301 3659 305 3665 ,
373 3624 422 3656 non
441 3612 570 3668 exclamet,
589 3607 659 3660 τουτί
677 3608 722 3675 μὲν
739 3602 794 3675 ἤδη
812 3607 867 3673 πρὶν
886 3607 989 3674 Θέογνιν
1007 3608 1152 3676 γεγονέναιῗ

442 3707 499 3752 204.
536 3696 614 3754 αὐτὸ
640 3699 701 3767 γὰρ
724 3701 819 3754 τοῦτο
842 3699 980 3769 χαλεπὸν
1005 3698 1193 3769 ἅμαθία-.
1229 3706 1356 3763 Nusquam
1373 3706 1526 3753 manifestius
1584 3714 1586 3719 ·

373 3810 399 3844 se
416 3798 524 3857 prodidit
539 3799 708 3858 interpolator,
728 3812 802 3856 quam
819 3798 859 3845 hie
877 3799 969 3846 inserto
988 3792 1106 3865 χαλεπόν.
1142 3800 1198 3845 Non
1215 3799 1240 3846 id
1256 3800 1344 3858 agitur,
1363 3801 1525 3846 molestumne

372 3893 405 3937 sit
422 3892 520 3939 inscitia
536 3906 627 3950 annom
646 3892 689 3939 sed
703 3906 733 3939 ex
751 3892 806 3952 ipsa
823 3885 939 3955 ἄμαδίας
956 3897 1044 3939 natura
1062 3892 1157 3940 ostendi
1175 3906 1236 3952 opus
1253 3897 1298 3949 est,
1317 3883 1357 3942 ὅτι
1375 3890 1398 3942 οἱ
1415 3886 1526 3956 ἀμαθεῖς

373 3978 404 4034 οὗ
416 3983 601 4049 φιλοσοφοῦσινΙ
638 3987 690 4032 Nee
707 3987 788 4033 minus
804 3986 888 4046 putide
909 3980 995 4037 ἱκανὸν
1013 3987 1037 4032 in
1057 3988 1104 4033 line
1122 3986 1257 4034 sententiae
1275 3986 1436 4045 seripserunt,
1460 3987 1525 4044 quod

372 4079 467 4138 primus
484 4080 655 4140 expellendum
672 4080 735 4127 vidit
751 4079 914 4140 Hirschigius.
950 4078 1055 4142 Δῆλον
1072 4073 1173 4129 τοῦτό
1191 4073 1223 4142 γ’,
1240 4065 1260 4141 ἦ
1277 4071 1300 4129 δ’
1318 4070 1354 4140 ἥ,
1381 4076 1436 4128 καί
1453 4093 1524 4129 παι·
1586 4083 1594 4095 “

372 4168 405 4223 di
423 4200 463 4217 -.
498 4172 592 4234 Vulgo,
620 4175 644 4221 Δ.
664 4169 712 4236 δή,
739 4169 803 4236 ἔφη,
828 4168 903 4223 τοῦτο’
922 4187 951 4235 γε
968 4163 1022 4234 ἤδη
1041 4189 1066 4222 ιι.
1085 4188 1123 4231 π,
1148 4186 1210 4231 quae
1229 4186 1272 4219 eur
1288 4172 1435 4218 mutaverim
1452 4186 1524 4220 nemo

372 4281 423 4314 non
441 4268 567 4328 intelliget
626 4272 628 4276 ’
1224 4255 1234 4267 ’

443 4363 499 4409 205.
535 4355 549 4410 ὁ
576 4354 731 4424 μέγιστός
755 4355 865 4409 τεκαὶ
889 4350 1022 4415 ὅλος-.
1058 4351 1386 4421 laconensem.
1412 4352 1523 4422 delapsis,

373 4469 422 4514 quc
440 4456 501 4501 nihil
518 4456 597 4515 magis
614 4455 743 4501 ridiculum
757 4468 811 4500 esse
828 4458 916 4513 potest.
952 4454 1063 4500 Primum
1080 4454 1146 4501 enim
1163 4453 1281 4500 universa
1297 4452 1341 4498 illa
1357 4451 1416 4498 boni
1432 4452 1526 4512 eupidi-

373 4555 412 4596 tes
429 4562 479 4596 nen
496 4556 534 4598 est
549 4545 667 4610 δολερὸςς
686 4547 780 4605 deiude,
800 4548 873 4594 etiam
891 4547 912 4593 si
929 4548 1036 4594 maxime
1054 4551 1119 4594 esset
1135 4547 1198 4593 nihil
1214 4546 1261 4592 hue
1278 4546 1382 4604 faceret,
1399 4550 1523 4604 postremo

372 4648 431 4703 post
448 4639 565 4706 μέγιστος
583 4643 645 4689 alter
663 4641 829 4700 superlativus
846 4641 978 4700 flagitatur.
1020 4641 1098 4687 Unica
1114 4654 1193 4699 paene
1210 4653 1260 4684 vox
1278 4643 1316 4685 est
1333 4629 1391 4695 ὅλος
1407 4639 1433 4685 in
1451 4653 1525 4698 quam

372 4738 462 4796 regula
478 4736 525 4783 ista
541 4750 591 4782 non
607 4734 692 4794 cadet,
718 4740 804 4795 utpote
821 4746 884 4793 quaa
902 4739 991 4781 namra
1012 4748 1057 4781 sue
1081 4733 1258 4793 superlativum
1281 4745 1331 4778 nou
1353 4733 1473 4790 patiatur,
1488 4736 1525 4780 -et

373 4844 460 4877 omnes
477 4830 641 4890 superlativus
658 4829 823 4878 trutseendat.
867 4829 905 4876 lia
928 4841 989 4875 vero
1012 4828 1068 4888 ipsa
1090 4827 1162 4874 unice
1183 4825 1240 4873 huic
1262 4827 1317 4872 loeo
1339 4825 1466 4885 eonvenit3
1492 4825 1524 4874 et
