3850 5700
792 785 1024 838 ΣΥΜΠΟΣΙΟΝ.
1349 790 1352 801 “
1399 800 1402 804 ’
1441 784 1481 849 51

324 923 483 998 καὶ·τότε
505 925 561 1020 μὲν
581 923 811 1020 αίσχυνόμενος
830 921 953 1022 ἀφῆκα
980 920 1099 997 αῦτόν·
1134 916 1227 1008 αῦθις
1249 920 1278 995 δ’
1299 920 1484 1018 ἐπιβουλεῦ-

325 1080 411 1143 σας,
438 1052 551 1148 ἐπειδή
567 1051 801 1143 ἐδεδειπνήκει,
827 1051 1019 1147 διελεγόμην
1041 1050 1148 1150 πόρρω
1167 1058 1232 1125 τῶν
1250 1058 1394 1140 νυκτῶν,
1420 1047 1484 1124 κά·

323 1180 424 1274 πειδή
442 1180 590 1275 ἐβοῦλετο
609 1180 760 1286 ἀπιέναι,
788 1178 1031 1275 σκηπτόμενος,
1057 1178 1108 1253 ότι
1127 1177 1188 1279 ὀψὲ
1204 1182 1271 1272 είη,
1298 1176 1484 1276 προσηνάγ·

324 1336 423 1382 κασα
438 1306 539 1382 αῦτόν
557 1317 668 1404 μένειν.
722 1307 907 1382 ἀνεπαύετο
929 1301 984 1381 οῦν
1007 1314 1038 1381 ἐν
1061 1314 1104 1402 τή
1128 1313 1262 1402 ἐχομένῃ
1279 1312 1357 1401 ἐμοῦ
1375 1311 1482 1401 κλίνη,

325 1442 363 1509 ἐν
382 1429 465 1534 ᾗπερ
488 1441 639 1526 ἐδείπνει,
667 1440 727 1510 καὶ
744 1435 850 1523 ου’δεὶς
867 1442 899 1509 ἐν
919 1444 965 1536 τῷ
982 1433 1143 1530 οἰκήματι
1159 1434 1259 1521 ἄλλος
1276 1440 1437 1527 καθηῦδεν
1457 1432 1481 1506 ιθ

324 1562 432 1659 ἡμεῖς.
486 1572 577 1662 μέχρι
595 1568 651 1659 μὲν
671 1558 725 1638 οῦν
746 1561 789 1659 δή
808 1571 900 1660 δεῦρο
925 1568 988 1637 τοῦ
1015 1561 1113 1658 λόγου
1137 1568 1250 1648 καλῶς
1268 1560 1310 1634 ἀν
1332 1567 1397 1656 ἔχοι
1422 1564 1504 1635 καὶε

324 1690 408 1789 πρός
430 1690 570 1766 ὁντινοῦν
590 1698 710 1787 λέγειν·
737 1690 775 1764 τό
798 1690 824 1764 δ’
846 1697 987 1765 ἐντεῦθεν
1008 1689 1070 1764 οῦκ
1090 1691 1130 1764 άν
1151 1719 1212 1785 μου
1236 1688 1406 1786 ήκοῦσατε
1431 1696 1482 1763 λέ,

323 1848 456 1915 γοντος,
484 1824 512 1893 εί
528 1818 574 1914 μή
594 1827 719 1917 πρῦτον
739 1827 813 1913 μέν,
840 1818 877 1893 τό
894 1818 1081 1915 λεγόμενον,
1108 1818 1189 1905 οίνος
1208 1817 1285 1892 ἀνευ
1301 1848 1337 1891 τε
1356 1821 1480 1891 παιδων

275 1991 294 2014 .·
323 1950 388 2021 καὶ
413 1947 497 2042 μετά
523 1952 649 2021 παιδων
671 1941 712 2042 ήν
734 1945 878 2041 ἀληθής,
906 1946 1003 2020 ἔπειτ’
1026 1945 1190 2043 ἀφανίσαι
1210 1945 1410 2044 Σωκράτους
1432 1952 1481 2042 ἔρ-

321 2103 382 2171 γον
408 2073 611 2172 ὑπερήφανον
625 2079 681 2162 -είς
701 2081 830 2148 ἔπαινον
852 2073 987 2149 ἐλθόντα
1006 2072 1121 2149 ἄδικόν
1141 2102 1195 2167 μοι
1216 2076 1378 2171 φαίνεται.
1432 2079 1481 2148 ἔτι

321 2206 364 2276 δὲ
381 2201 419 2276 τό
439 2210 497 2276 τοῦ
516 2208 685 2297 δηχθέντος
701 2201 766 2277 ῦπό
786 2211 844 2275 τοῦ
864 2209 959 2297 ἔχεως
977 2194 1079 2289 πάθος
1098 2201 1186 2297 κάμὲ
1205 2207 1277 2296 ἐχει.
1313 2204 1399 2299 φασὶ
1414 2200 1479 2299 γάρ

322 2328 391 2404 ποῦ
409 2359 483 2404 τινα
500 2339 598 2405 τοῦτο
624 2328 772 2405 παθόντα
795 2328 859 2405 οῦκ
879 2336 992 2405 ἐθέλειν
1012 2336 1115 2425 λέγειν
1142 2329 1205 2404 οἷον
1232 2323 1273 2425 ήν
1299 2329 1385 2423 πλήν
1411 2338 1480 2416 τοῖς

244 2465 548 2553 κινδεδηγμένοις,
576 2457 618 2545 ῦς
644 2458 750 2553 μόνοις
772 2466 982 2555 γνωσομένοις
1000 2488 1037 2531 τε
1056 2461 1116 2531 καὶ
1133 2465 1425 2553 συγγνωσομένοις,
1451 2461 1504 2530 είν

321 2594 392 2659 πάν
411 2584 536 2679 ἐτόλμα
551 2594 632 2683 δρᾶν
650 2614 686 2660 τε
703 2589 763 2659 καὶ
783 2592 885 2682 λέγειν
903 2584 966 2672 ῦπό
988 2593 1052 2681 της
1075 2584 1202 2680 ίδῦνης.
1257 2584 1319 2681 ἐγῦ
1346 2578 1401 2659 οῦν
1426 2591 1478 2657 δε-

319 2721 485 2809 δηγμένος
509 2712 536 2785 θ’
561 2712 614 2787 ὑπ’
641 2713 863 2811 ἀλγεινοτέρου
887 2717 947 2787 καί
969 2714 1007 2787 τό
1035 2712 1268 2809 ἀλγεινότατον
1289 2706 1331 2787 ὧν
1360 2713 1400 2786 ἀν
1427 2741 1478 2799 τις

319 2846 454 2938 δηχθείη
472 2830 524 2896 -’
542 2840 601 2938 τήν
619 2846 758 2941 καρδίαν
774 2842 840 2940 γάρ
858 2841 880 2938 ή
898 2841 1006 2941 ψυχήν
1022 2841 1045 2937 ή
1065 2842 1082 2916 ό
1100 2871 1133 2916 τι
1149 2849 1200 2916 δεῖ
1215 2840 1298 2916 αῦτό
1316 2839 1478 2937 όνομάοαι

320 2975 461 3066 πληγείς
476 2999 513 3044 τε
527 2973 586 3044 καὶ
603 2973 731 3065 δηχθεὶς
747 2969 810 3045 ῦπό
829 2977 894 3045 τῶν
914 2976 945 3044 ἐν
963 2975 1142 3071 φιλοσοφίηι
1158 2968 1273 3065 λόγων,
1301 2977 1332 3043 οἳ
1348 2976 1477 3065 ἔχονται

320 3101 450 3192 ἐχίδνης
466 3096 667 3195 ἀγριώτερον,
693 3106 764 3172 νέου
782 3103 889 3197 ψυχῆς
905 3098 951 3194 μή
968 3097 1098 3195 ἀφυοῦς
1112 3099 1193 3172 όταν
1212 3096 1389 3193 λάβωνται,
1416 3100 1477 3171 καὶ

319 3233 450 3299 ποιοῦσι
475 3233 555 3322 δρᾶν
572 3255 609 3298 τε
627 3229 686 3299 καὶ
711 3232 814 3321 λέγειν
839 3225 944 3299 ὁτιοῦν
970 3268 1022 3278 -
1046 3230 1106 3300 καὶ
1129 3225 1207 3323 όρῦν
1233 3220 1278 3299 αῦ
1299 3229 1520 3327 ΦαίδρουςυΙ

317 3351 530 3448 Ἀγάθωνας,
556 3351 814 3450 Ἐρυξιμάχους,
841 3358 1055 3445 Παυσανίαςς
1079 3352 1337 3451 Ἀριστοδήμους
1358 3355 1476 3426 τεκαὶ

316 3479 578 3579 Ἀριστοφάνας·
606 3480 773 3579 Σωκράτη
797 3480 824 3554 δ’
844 3481 946 3557 αῦτόν
972 3487 1007 3555 τί
1024 3490 1075 3556 δεῖ
1092 3486 1151 3555 καὶ
1173 3488 1293 3577 λέγειν,
1320 3485 1380 3555 καί
1406 3480 1476 3556 όσοι

276 3660 281 3667 ·
319 3608 435 3695 α’ίλλοις
464 3608 584 3695 πάντες
598 3607 662 3707 γάρ
677 3608 938 3704 κεκοινωνήκατε
952 3617 1015 3704 τῆς
1030 3608 1208 3707 φιλοσόφου
1225 3612 1345 3704 μανίας
1360 3637 1398 3682 τε
1413 3613 1475 3683 καὶ

306 3739 497 3832 ’βακχείας
523 3737 572 3811 διό
587 3737 708 3824 πάντες
724 3736 919 3811 ἀκοῦσεοθε·
947 3737 1168 3833 συγγνώσεσθε
1181 3737 1246 3834 γοὶρ
1263 3745 1332 3825 τοῖς
1347 3766 1385 3811 τε
1398 3735 1475 3812 τότε

319 3870 490 3961 πραχθεῖσι
514 3869 573 3938 καὶ
595 3874 664 3952 τοῖς
682 3873 738 3939 νῦν
766 3871 954 3960 λεγομένοις.
1009 3870 1038 3939 οἱ
1062 3863 1089 3938 δ’
1115 3869 1258 3955 οίκέται,
1284 3868 1344 3938 καί
1369 3869 1399 3937 εί
1424 3882 1490 3952 τις

320 3991 423 4079 ἀλλος
437 3995 507 4065 ἐστὶ
526 3992 662 4087 βέβηλός
677 4020 715 4065 τε
732 3995 793 4067 καὶ
810 3992 981 4091 ἄγροικος,
1007 3999 1117 4079 πυλας
1135 3992 1222 4068 πάνυ
1239 3992 1388 4088 μεγάλας
1405 4003 1473 4080 τοῖς

320 4118 400 4194 ὠσὶν
426 4123 574 4193 ἐπίθεσθε.

398 4249 558 4324 XXXIV.
607 4246 745 4341 Ἐπειδὴ
762 4248 826 4346 γάρ
845 4242 918 4338 οῦν,
945 4241 1122 4346 ὦάνδρες,
1147 4249 1164 4321 ό
1185 4277 1222 4321 τε
1238 4246 1353 4343 λῦχνος
1369 4247 1471 4322 ἀπεσ-

319 4374 416 4472 βήκει
440 4379 500 4449 καί
518 4381 547 4449 οί
571 4384 688 4463 παιδες
707 4377 767 4464 ἔξω
786 4369 891 4468 ἦσαν,
919 4378 1009 4464 ἐδοξέ
1026 4404 1080 4472 μοι
1098 4384 1215 4474 χρῆναι
1231 4380 1331 4472 μηδὲν
1348 4381 1494 4451 ποικίλ-ιε

316 4511 384 4578 λειν
400 4503 481 4600 πρός
497 4502 611 4595 αῦτόν,
637 4501 711 4577 ἀλλ’
731 4509 899 4602 ἐλευθέρως
916 4509 1013 4577 εἰπεῖν
1033 4504 1057 4576 ά
1076 4532 1131 4599 μοι
1147 4503 1261 4577 ἐδόκει.
1304 4508 1364 4577 καὶ
1384 4503 1470 4579 εἶπον

318 4629 464 4726 κινήσας·
486 4629 607 4722 αῦτόν,
641 4631 836 4736 Σώκρατες,
871 4631 1054 4719 καθεῦδεις;
1100 4630 1150 4705 Οῦ
1177 4627 1285 4726 δῆτα,
1320 4627 1397 4727 ἧδ’
1424 4632 1469 4720 ός.

317 4757 408 4833 Οίοθ
429 4753 484 4833 οῦν
504 4760 528 4833 ά
545 4788 599 4855 μοι
614 4767 786 4846 δέδοκταις
815 4764 857 4833 Τί
876 4759 1043 4853 μάλιστα;
1070 4765 1144 4856 ἔφη.
1194 4759 1245 4833 Σῦ
1264 4763 1334 4854 ἐμοὶ
1350 4767 1469 4849 δοκεῖς,

315 4881 358 4981 ήν
375 4886 402 4961 δ’
424 4887 503 4983 ἐγώ,
530 4894 608 4983 ἐμοῦ
630 4887 772 4986 ἐραστής
789 4887 882 4977 ἄξιος
894 4895 1059 4984 γεγονέναι
1078 4887 1188 4983 μόνος,
1214 4891 1276 4961 καί
1291 4917 1344 4983 μοι
1362 4893 1470 4985 φαίνει

1216 5016 1265 5076 4ὒ
