3850 5700
653 1705 1140 1805 attenuatio.

818 1928 972 1935 ——-.——-.

386 2084 426 2129 De
443 2082 595 2129 nobilissimo
614 2082 723 2141 dialogo,
749 2095 855 2140 quonam
874 2082 977 2128 consilio
994 2081 1100 2141 scriptus
1118 2081 1162 2138 sit,
1188 2094 1249 2139 quas
1267 2080 1357 2126 habeat
1378 2084 1468 2138 partes,

317 2182 342 2223 et
360 2190 408 2235 qua
425 2176 519 2223 ratione
537 2176 601 2221 inter
619 2190 645 2222 se
663 2176 835 2232 cohaerentes,
865 2176 970 2234 denique
993 2189 1055 2233 quae
1073 2176 1106 2221 sit
1123 2174 1176 2233 ejus
1193 2189 1248 2220 curn
1266 2173 1369 2220 caeteris
1386 2173 1469 2219 Plato·

260 2281 265 2288 “
317 2271 379 2317 uicis
396 2270 466 2316 libris
484 2270 630 2329 conjunctio,
649 2270 710 2317 elias
728 2274 760 2327 et,
778 2275 805 2315 ut
822 2284 907 2329 spero,
925 2269 996 2316 brevi
1014 2270 1122 2315 dicturus
1140 2283 1201 2315 sum.
1236 2268 1283 2313 Hic
1300 2267 1468 2314 tantummodo

316 2365 341 2411 id
360 2364 411 2423 egi,
437 2368 465 2410 ut
481 2363 633 2410 Platonicam
651 2347 787 2411 orationem
805 2364 836 2411 ab
854 2364 1008 2411 emblematis
1026 2369 1050 2410 et
1072 2364 1174 2410 caeteris
1197 2361 1332 2409 scribarum
1354 2360 1468 2407 sordibus

315 2458 455 2505 liberarem.
490 2459 575 2516 Itaque
593 2458 654 2504 nihil
671 2458 737 2503 aliud
756 2462 839 2514 restat,
859 2472 932 2516 quam
950 2463 977 2503 ut
994 2458 1157 2504 correctiones
1175 2471 1190 2503 a
1207 2470 1246 2502 me
1261 2456 1338 2502 factes
1350 2455 1467 2513 indicem3

315 2553 341 2599 iu
359 2566 407 2610 quo
424 2552 535 2598 faciendo
552 2552 655 2611 paginas
672 2565 762 2609 sequor
779 2550 966 2610 Stephanianas.

384 2660 408 2705 p.
428 2647 485 2691 172.
520 2642 641 2703 παίζων
668 2636 735 2708 ἅμα
761 2643 800 2710 τῇ
826 2642 945 2707 κλήσει
964 2672 992 2680 «-
1022 2644 1088 2703 Quid
1105 2645 1158 2704 joci
1174 2646 1200 2691 in
1217 2645 1262 2690 illa
1278 2642 1466 2703 compellatione

314 2740 359 2797 sit,
386 2740 496 2798 ignotum
522 2744 565 2785 est.
608 2739 671 2785 Puto
694 2740 764 2786 istius
788 2739 846 2798 pegi
869 2739 1009 2786 hominibus
1032 2728 1189 2798 fugacitatem
1210 2737 1360 2798 exprobrare
1382 2736 1467 2782 solitos

314 2833 485 2881 Athenienses.
521 2832 644 2892 Quicquid
661 2833 686 2881 id
704 2837 754 2892 est,
774 2834 852 2881 fateor
869 2834 929 2880 mihi
947 2834 1107 2881 vehementer
1124 2833 1253 2893 displicere
1271 2845 1360 2878 nomen
1376 2822 1461 2880 'Auci-

315 2923 438 2989 λόδωρος,
458 2942 506 2986 quo
524 2927 619 2987 adjecto
637 2927 778 2974 debilitetur
795 2942 896 2976 necesse
914 2933 952 2974 est
968 2929 1129 2986 quodcunque
1147 2927 1204 2974 salsi
1221 2927 1247 2972 in
1264 2940 1325 2972 voce
1344 2919 1358 2974 d
1376 2920 1464 2986 Φαλη-

314 3015 376 3081 ped<
392 3021 536 3068 continetur.
578 3018 610 3070 ἐν
628 3018 672 3087 τῷ
691 3019 874 3084 συνδείπνῳ
893 3049 926 3058 -
945 3021 985 3068 sie
1002 3023 1117 3068 meliores
1134 3021 1204 3078 libri,
1229 3020 1277 3066 nisi
1295 3019 1360 3078 quod
1379 3017 1465 3064 Coisli-

311 3115 401 3160 nianus
419 3116 571 3166 συνδειπνεῖν
588 3115 675 3173 habet,
702 3117 767 3174 quod
791 3120 855 3162 certe
877 3131 921 3175 per
945 3132 972 3162 se
994 3107 1161 3176 οἷττικώτερον
1180 3119 1257 3170 esset,
1284 3113 1305 3159 si
1328 3111 1464 3157 infinitivus

312 3209 361 3253 huc
378 3209 527 3256 conveniret.
568 3210 681 3256 Baiterus
698 3210 725 3255 in
742 3210 877 3257 novissima
895 3210 1001 3257 editione
1018 3209 1097 3256 verba
1118 3208 1232 3254 cancellis
1254 3206 1364 3263 inclusit,
1391 3219 1463 3263 quem

311 3305 409 3348 secutas
426 3316 506 3349 essem
524 3302 572 3349 nisi
589 3308 646 3362 post
661 3299 869 3366 παραγενομένων
894 3305 975 3350 locum
999 3302 1186 3349 commemorari
1210 3305 1324 3361 oportere
1348 3298 1463 3346 credidis·
1545 3306 1547 3309 ·

311 3410 371 3442 sem.
412 3396 492 3444 Hodie
515 3396 620 3444 libenter
642 3397 725 3443 omnia
748 3397 801 3454 illa,
829 3394 878 3446 τῶν
896 3392 954 3447 τότε
973 3392 993 3447 ἐ.
1012 3411 1033 3446 τ.
1053 3397 1076 3447 δ.
1095 3391 1303 3459 παραγενομένων
1321 3392 1463 3453 expulerim

312 3480 406 3552 ἔγωγ’
424 3485 484 3552 εφη
504 3516 535 3525 -
553 3484 624 3537 ninii
642 3484 693 3554 ἐγώ
713 3487 754 3555 δή.
792 3490 839 3539 sea
857 3491 882 3537 in
899 3492 1041 3548 Athenaeo,
1060 3491 1090 3548 ν,
1111 3491 1155 3549 18,
1179 3483 1231 3553 ἐγώ
1250 3484 1314 3552 γάρ,
1341 3483 1400 3551 εφη.
1435 3487 1463 3533 Iu

311 3584 413 3641 vulgate
429 3583 533 3631 lectione
551 3578 585 3646 δή
605 3598 706 3644 prorsus
721 3585 807 3631 inutile
826 3589 875 3642 est,
901 3588 926 3631 et
942 3584 1026 3641 abest,
1046 3585 1111 3642 quod
1129 3583 1215 3639 abesse
1233 3597 1282 3629 non
1300 3581 1384 3638 debet,
1403 3575 1462 3644 ἔφη.

381 3678 438 3724 173.
473 3672 598 3735 πάντως
623 3673 642 3740 η’
670 3672 746 3735 ὁδὸς
763 3705 796 3712 -
820 3678 890 3725 Libri
915 3670 1002 3738 optimi
1027 3674 1128 3733 πάντως
1152 3673 1181 3727 δὲ
1204 3671 1223 3739 d
1249 3669 1311 3732 ὁδὸς
1332 3674 1463 3721 manifeste

309 3769 404 3817 scribae
416 3771 613 3830 interpolatione,
632 3772 675 3830 qui
687 3773 752 3819 hunc
764 3773 833 3819 vocis
844 3767 945 3828 πάντως
962 3786 1034 3819 usum
1051 3771 1188 3830 ignorabat.
1224 3761 1409 3833 ἀρξάμενος
1422 3795 1461 3813 -.

309 3863 435 3923 Hirschig.
453 3858 619 3928 ἀρξαμένους,
647 3867 712 3924 quod
729 3867 790 3913 mihi
808 3881 858 3912 non
875 3867 1041 3913 necessarium
1058 3866 1163 3912 videtur.
1200 3859 1229 3913 ἐν
1248 3860 1303 3927 μέν
1321 3878 1356 3925 γε
1379 3889 1403 3896 -
1424 3863 1463 3908 Ita

308 3958 398 4017 scripsi
413 3972 459 4018 pro
476 3959 578 4018 vulgato
597 3954 622 4008 ἐν
640 3954 685 4022 μὲν
703 3953 752 4023 γὰρ
771 3987 803 3994 -
1458 3951 1463 3958 ’

379 4053 434 4100 174.
469 4047 598 4116 πρὸς-τό
619 4050 704 4104 ἰέναι
722 4080 763 4102 -.
798 4053 868 4101 Libri
885 4048 949 4116 πρός
966 4048 994 4104 τὸ
1014 4049 1110 4103 ἐθέλειν
1128 4044 1158 4103 ἄν
1177 4049 1245 4102 ἰέναι.
1282 4051 1395 4098 Correxit
1413 4051 1460 4099 Co-

307 4145 387 4193 betus·
422 4136 478 4206 door
496 4133 547 4198 οὖν
564 4137 648 4210 ἄγων
668 4162 706 4210 με
723 4143 752 4197 ri
769 4140 976 4212 ἀπολογήσει.
1012 4146 1052 4194 Sic
1069 4147 1164 4194 correxi
1182 4147 1248 4207 quod
1264 4147 1340 4205 vulgo
1357 4145 1459 4206 legitur:

306 4225 348 4300 ἆρ’
367 4226 409 4289 οὖν
428 4230 452 4289 d·
473 4237 506 4303 μέ
523 4255 547 4289 τι
563 4233 587 4291 οἱ.
625 4231 713 4297 ὅπως
739 4223 981 4306 ουνδειπνῆσῃς
1002 4267 1040 4284 -.
1076 4241 1116 4288 Sic
1133 4241 1191 4287 libri
1208 4241 1306 4300 optimi;
1333 4240 1377 4286 sed
1394 4243 1459 4286 recte

307 4333 448 4391 Bekkerus,
468 4330 665 4396 miseratore.

379 4428 435 4475 liti.
470 4423 1039 4494 isrdrdsperre'sesupobdpo-.
1070 4424 1457 4492 Stephanusmalebattoro-

306 4521 378 4578 „sine
394 4525 484 4568 oausa“
507 4522 541 4569 ait
558 4522 650 4569 Aetius.
690 4523 741 4569 lino
764 4524 856 4583 optimo
876 4523 949 4582 jure,
978 4524 1025 4570 nisi
1047 4527 1171 4569 constaret
1189 4521 1211 4572 oi
1228 4519 1338 4586 γείτονες
1357 4524 1392 4571 de
1410 4538 1459 4570 una

304 4615 379 4661 nomo
401 4615 455 4662 uei.
494 4606 625 4666 νοούκ
651 4611 706 4666 ees
725 4642 765 4664 -.
801 4618 880 4665 Beue.
906 4618 971 4674 ,me
993 4619 1015 4663 a·
1031 4633 1132 4676 usqum
1150 4617 1252 4663 obsoleto
1274 4613 1344 4666 ιιιιν
1366 4618 1457 4665 ow

304 4708 354 4756 Sed
371 4722 446 4767 quum
463 4710 526 4756 hene
543 4711 647 4756 formam
663 4711 762 4757 Platoni
780 4711 910 4759 obtrudere
926 4689 1028 4770 nollem,
1055 4718 1171 4770 tanquam
1189 4712 1270 4758 nullus
1288 4711 1455 4759 nominativus

303 4808 379 4860 esset,
396 4802 563 4850 accusativum
577 4807 643 4850 recte
659 4804 718 4863 poni
731 4803 851 4862 judicavi.
886 4805 923 4853 ci.
941 4806 1001 4865 Lys.
1018 4805 1060 4851 Or.
1076 4809 1114 4863 12,
1132 4807 1171 4853 35.
1193 4802 1261 4868 σφᾶς
1279 4797 1371 4860 αὐτοὺς
1388 4797 1456 4867 did-
