3850 5700
772 1525 855 1590 VIRO
876 1524 1084 1580 Docmssmo

404 1717 703 1815 GUILELMO
762 1715 1087 1815 HEPWORTH
1141 1716 1448 1815 THOMPSON

561 1973 821 2071 CAROLUS
869 1975 1120 2071 BADHAM
1169 1975 1288 2073 SAL.

421 2460 524 2534 Quum
541 2485 653 2550 nuper,
669 2464 715 2530 mi
736 2463 946 2552 Thompsone,
961 2463 1107 2530 Platonis
1129 2463 1251 2551 aliquot
1269 2464 1310 2529 de
1329 2464 1472 2552 Legibus

374 2572 472 2639 libros
494 2574 598 2641 denuo
620 2578 847 2656 tractwissem,
868 2576 1084 2663 vidissemque
1104 2576 1207 2642 multa
1227 2576 1275 2642 ibi
1299 2577 1376 2643 satis
1397 2600 1471 2664 pro·

376 2685 525 2752 habiliter
548 2688 667 2776 corrigi
687 2712 786 2775 posse,
809 2711 882 2776 quae
902 2694 998 2754 antea
1017 2687 1116 2753 nimis
1137 2686 1233 2754 celeri
1255 2677 1474 2775 desperatione

376 2802 529 2885 tanquam
545 2800 715 2869 insanabili
734 2802 844 2870 morbo
865 2800 979 2868 affecta
997 2800 1225 2888 praeterieram,
1245 2803 1416 2890 extemplo,
1433 2811 1473 2871 ut
1514 2811 1517 2822 ’

375 2911 423 2990 fit,
446 2936 572 2980 mecum
604 2915 728 3002 agitare
757 2915 848 3001 coepi,
873 2915 1030 3002 quomodo
1059 2913 1256 3000 conjecturas
1284 2939 1371 2981 meas
1398 2939 1474 2982 cum

376 3024 486 3109 pausis
505 3025 570 3092 illis
589 3027 863 3106 communicarem,
879 3026 995 3113 quibus
1014 3025 1115 3092 oratio
1133 3025 1279 3092 Platonis
1295 3027 1475 3096 aberbarie

376 3139 411 3199 et
438 3135 582 3203 sordibus
609 3143 795 3224 recuperata
822 3135 946 3224 aliquid
975 3135 1188 3226 jucunditatis
1216 3136 1354 3204 allatura
1381 3145 1473 3205 esset.

377 3245 519 3314 Tandem
536 3249 615 3330 haeo,
630 3250 910 3338 quantulacunque
929 3248 1004 3329 sint,
1020 3249 1151 3316 seorsim
1169 3249 1303 3338 vulgare
1323 3251 1475 3318 constitui

376 3365 409 3424 et
423 3360 465 3424 ad
478 3366 512 3426 te
524 3361 661 3442 mittere,
673 3368 784 3450 utpote
798 3361 839 3428 ad
849 3360 991 3448 judicem
1005 3360 1145 3444 maxime
1158 3361 1309 3427 idoneum
1322 3364 1474 3430 eundem·

376 3493 438 3557 que
456 3471 680 3558 aequissimum.
725 3471 806 3546 Quis
823 3472 909 3538 enim
927 3471 1043 3537 melius
1055 3471 1212 3559 intelligit
1225 3478 1259 3538 et
1272 3495 1370 3560 quam
1383 3497 1474 3540 men-

375 3581 445 3648 dosi
459 3582 524 3648 sint
537 3582 587 3648 illi
600 3583 685 3663 libri,
694 3591 729 3650 et
742 3606 839 3670 quam
853 3583 946 3670 digni
960 3589 1069 3649 tamen
1083 3583 1140 3670 qui
1154 3582 1330 3671 legantur?
1364 3584 1476 3672 Atque
1502 3673 1504 3677 7
1629 3533 1636 3545 ι

376 3694 500 3761 utinam
519 3695 648 3781 quidem
667 3696 776 3783 aliquo
795 3697 889 3762 modo
910 3694 972 3761 tibi
993 3695 1183 3781 persuadere
1202 3718 1327 3782 possem
1347 3704 1386 3762 ut
1406 3697 1476 3784 ipse

376 3813 410 3871 te
421 3806 498 3873 huic
511 3807 600 3894 operi
614 3807 805 3896 accingam,
820 3814 854 3874 et
871 3813 948 3874 nota
965 3806 1023 3872 illa
1040 3814 1097 3872 tua
1115 3806 1261 3874 doctrina
1277 3809 1314 3874 in
1332 3808 1475 3897 Legibus

377 3917 576 3984 recensendis
603 3925 749 3998 uterere;
782 3924 853 3983 tum
876 3916 963 3983 enim
985 3939 1050 3982 non
1077 3918 1172 3983 modo
1195 3917 1279 3984 illud
1306 3926 1475 4006 appareret

376 4029 461 4114 quod
479 4029 547 4095 fere
566 4030 713 4096 omnibus
733 4036 847 4096 notum
867 4034 925 4109 est,
940 4027 1151 4116 philosopbiae
1169 4035 1202 4095 ct
1221 4030 1373 4097 orationis
1395 4030 1471 4097 Pla·
1537 4086 1540 4091 .

374 4140 489 4207 tonicae
502 4140 730 4228 peritissimum
747 4148 780 4207 te
793 4164 870 4221 esse,
884 4163 999 4209 verum
1013 4139 1110 4206 etiam
1122 4140 1206 4207 illud
1225 4143 1311 4229 quod
1327 4164 1386 4228 pro
1403 4165 1473 4209 mo·

374 4251 476 4317 destia
492 4259 550 4318 tua
563 4252 661 4340 vulgo
680 4253 844 4319 ostendere
864 4250 1006 4330 noluisti,
1022 4251 1231 4339 conjectorem
1250 4257 1284 4317 te
1297 4273 1365 4318 esse
1382 4275 1475 4340 posse

373 4362 601 4432 felicissimum.
644 4364 781 4431 Memini
803 4386 904 4451 quum
925 4363 1036 4450 paucis
1057 4369 1130 4450 post
1154 4362 1327 4430 Philebum
1349 4364 1473 4432 editum

376 4474 487 4558 diebus
507 4475 617 4542 literas
638 4482 710 4542 tuas
732 4476 930 4564 accepissem,
951 4496 1048 4562 quam
1071 4472 1215 4561 graviter
1230 4473 1366 4542 tulerim
1389 4477 1476 4564 quod

375 4585 602 4654 correctionem
631 4588 794 4676 quandam
820 4594 911 4654 tuam
939 4609 1006 4653 non
1034 4591 1185 4673 oppertus
1213 4609 1323 4653 essem.
1377 4587 1475 4654 Hono

375 4696 537 4784 quoniam,
561 4697 643 4766 deut
672 4699 790 4767 multas
815 4698 893 4767 elias
918 4704 1011 4766 acute
1036 4703 1187 4786 repertas,
1211 4720 1378 4786 nunquam
1402 4697 1475 4765 rul-

375 4840 379 4845 ·
1332 4835 1345 4881 1
