<?xml version="1.0" encoding="UTF-8"?>
<!DOCTYPE html PUBLIC "-//W3C//DTD XHTML 1.0 Transitional//EN"
    "http://www.w3.org/TR/xhtml1/DTD/xhtml1-transitional.dtd">
<html xmlns="http://www.w3.org/1999/xhtml" xml:lang="en" lang="en">
 <head>
  <title>
</title>
<meta http-equiv="Content-Type" content="text/html;charset=utf-8" />
  <meta name='ocr-system' content='tesseract 3.04.00' />
  <meta name='ocr-capabilities' content='ocr_page ocr_carea ocr_par ocr_line ocrx_word'/>
</head>
<body>
  <div class='ocr_page' id='page_1' title='image "./platonisconvivi00platgoog_0081.png"; bbox 0 0 3850 5700; ppageno 0'>
   <div class='ocr_carea' id='block_1_1' title="bbox 776 743 1468 814">
    <p class='ocr_par' dir='ltr' id='par_1_1' title="bbox 776 743 1468 814">
     <span class='ocr_line' id='line_1_1' title="bbox 776 743 1468 814; baseline -0.004 -14"><span class='ocrx_word' id='word_1_1' title='bbox 776 744 1008 800; x_wconf 70' lang='grc' dir='ltr'>Σνκιιοκῑοιν.</span> <span class='ocrx_word' id='word_1_2' title='bbox 1425 743 1468 814; x_wconf 77' lang='lat'>25</span> 
     </span>
    </p>
   </div>
   <div class='ocr_carea' id='block_1_2' title="bbox 314 878 1494 2264">
    <p class='ocr_par' dir='ltr' id='par_1_2' title="bbox 314 878 1494 2264">
     <span class='ocr_line' id='line_1_2' title="bbox 314 878 1464 982; baseline 0 -23"><span class='ocrx_word' id='word_1_3' title='bbox 314 891 439 982; x_wconf 82' lang='grc' dir='ltr'>μάλλον</span> <span class='ocrx_word' id='word_1_4' title='bbox 456 883 485 959; x_wconf 91' lang='grc' dir='ltr'>δ’</span> <span class='ocrx_word' id='word_1_5' title='bbox 503 888 583 972; x_wconf 99' lang='grc' dir='ltr'>ἴσως</span> <span class='ocrx_word' id='word_1_6' title='bbox 597 878 634 959; x_wconf 90' lang='grc' dir='ltr'>οῦ</span> <span class='ocrx_word' id='word_1_7' title='bbox 655 890 788 981; x_wconf 76' lang='grc' dir='ltr'>ἔσομαι,</span> <span class='ocrx_word' id='word_1_8' title='bbox 817 883 946 958; x_wconf 84' lang='grc' dir='ltr'>ἐπειδάν</span> <span class='ocrx_word' id='word_1_9' title='bbox 965 887 1027 958; x_wconf 83' lang='grc' dir='ltr'>καὶ</span> <span class='ocrx_word' id='word_1_10' title='bbox 1040 882 1189 979; x_wconf 88' lang='grc' dir='ltr'>Ἀγάθων</span> <span class='ocrx_word' id='word_1_11' title='bbox 1209 890 1303 980; x_wconf 87' lang='grc' dir='ltr'>εἴπη,</span> <span class='ocrx_word' id='word_1_12' title='bbox 1331 879 1367 959; x_wconf 87' lang='grc' dir='ltr'>εῦ</span> <span class='ocrx_word' id='word_1_13' title='bbox 1389 883 1464 981; x_wconf 94' lang='grc' dir='ltr'>μάλ’</span> 
     </span>
     <span class='ocr_line' id='line_1_3' title="bbox 315 1011 1468 1112; baseline -0.001 -25"><span class='ocrx_word' id='word_1_14' title='bbox 315 1014 357 1088; x_wconf 89' lang='grc' dir='ltr'>οἴν</span> <span class='ocrx_word' id='word_1_15' title='bbox 377 1019 487 1112; x_wconf 88' lang='grc' dir='ltr'>φοβοῖο</span> <span class='ocrx_word' id='word_1_16' title='bbox 505 1017 565 1087; x_wconf 83' lang='grc' dir='ltr'>καὶ</span> <span class='ocrx_word' id='word_1_17' title='bbox 583 1019 614 1086; x_wconf 92' lang='grc' dir='ltr'>ἐν</span> <span class='ocrx_word' id='word_1_18' title='bbox 630 1016 731 1087; x_wconf 89' lang='grc' dir='ltr'>παντὶ</span> <span class='ocrx_word' id='word_1_19' title='bbox 746 1016 832 1106; x_wconf 87' lang='grc' dir='ltr'>εἴης,</span> <span class='ocrx_word' id='word_1_20' title='bbox 859 1012 966 1109; x_wconf 82' lang='grc' dir='ltr'>ῶσπερ</span> <span class='ocrx_word' id='word_1_21' title='bbox 985 1011 1048 1108; x_wconf 88' lang='grc' dir='ltr'>ἐγῶ</span> <span class='ocrx_word' id='word_1_22' title='bbox 1065 1020 1131 1086; x_wconf 90' lang='grc' dir='ltr'>νῦν.</span> <span class='ocrx_word' id='word_1_23' title='bbox 1165 1011 1378 1110; x_wconf 88' lang='grc' dir='ltr'>Φαρμάττειν</span> <span class='ocrx_word' id='word_1_24' title='bbox 1395 1011 1468 1108; x_wconf 88' lang='grc' dir='ltr'>βοῦ-</span> 
     </span>
     <span class='ocr_line' id='line_1_4' title="bbox 314 1134 1468 1239; baseline -0.001 -22"><span class='ocrx_word' id='word_1_25' title='bbox 314 1148 363 1217; x_wconf 87' lang='grc' dir='ltr'>λει</span> <span class='ocrx_word' id='word_1_26' title='bbox 381 1170 437 1237; x_wconf 86' lang='grc' dir='ltr'>με,</span> <span class='ocrx_word' id='word_1_27' title='bbox 465 1134 704 1239; x_wconf 87' lang='grc' dir='ltr'>ῶΣῶκροιτες,</span> <span class='ocrx_word' id='word_1_28' title='bbox 731 1146 828 1215; x_wconf 77' lang='grc' dir='ltr'>εἰπεῖν</span> <span class='ocrx_word' id='word_1_29' title='bbox 855 1139 910 1217; x_wconf 83' lang='grc' dir='ltr'>τόν</span> <span class='ocrx_word' id='word_1_30' title='bbox 931 1139 1121 1235; x_wconf 88' lang='grc' dir='ltr'>Ἀγάθωνα,</span> <span class='ocrx_word' id='word_1_31' title='bbox 1149 1144 1203 1215; x_wconf 85' lang='grc' dir='ltr'>ἴνα</span> <span class='ocrx_word' id='word_1_32' title='bbox 1225 1146 1384 1239; x_wconf 88' lang='grc' dir='ltr'>θορυβηθῶ</span> <span class='ocrx_word' id='word_1_33' title='bbox 1410 1141 1468 1216; x_wconf 85' lang='grc' dir='ltr'>διά</span> 
     </span>
     <span class='ocr_line' id='line_1_5' title="bbox 314 1263 1469 1368; baseline 0 -24"><span class='ocrx_word' id='word_1_34' title='bbox 314 1269 352 1344; x_wconf 83' lang='grc' dir='ltr'>τό</span> <span class='ocrx_word' id='word_1_35' title='bbox 372 1274 494 1344; x_wconf 89' lang='grc' dir='ltr'>οἴεσθαι</span> <span class='ocrx_word' id='word_1_36' title='bbox 507 1269 546 1345; x_wconf 86' lang='grc' dir='ltr'>τὸ</span> <span class='ocrx_word' id='word_1_37' title='bbox 561 1275 691 1368; x_wconf 89' lang='grc' dir='ltr'>θέατρον</span> <span class='ocrx_word' id='word_1_38' title='bbox 707 1274 903 1367; x_wconf 81' lang='grc' dir='ltr'>προσδοκίαν</span> <span class='ocrx_word' id='word_1_39' title='bbox 920 1267 1067 1365; x_wconf 80' lang='grc' dir='ltr'>μεγάλην</span> <span class='ocrx_word' id='word_1_40' title='bbox 1087 1275 1178 1365; x_wconf 79' lang='grc' dir='ltr'>ἔχειν,</span> <span class='ocrx_word' id='word_1_41' title='bbox 1205 1268 1248 1356; x_wconf 85' lang='grc' dir='ltr'>ῶς</span> <span class='ocrx_word' id='word_1_42' title='bbox 1266 1263 1301 1343; x_wconf 89' lang='grc' dir='ltr'>εῦ</span> <span class='ocrx_word' id='word_1_43' title='bbox 1321 1275 1469 1367; x_wconf 87' lang='grc' dir='ltr'>ἐροῦντος</span> 
     </span>
     <span class='ocr_line' id='line_1_6' title="bbox 314 1391 1467 1493; baseline 0.001 -22"><span class='ocrx_word' id='word_1_44' title='bbox 314 1402 405 1493; x_wconf 85' lang='grc' dir='ltr'>ἐμοῦ.</span> <span class='ocrx_word' id='word_1_45' title='bbox 456 1396 671 1493; x_wconf 84' lang='grc' dir='ltr'>Ἐπιλὴσμων</span> <span class='ocrx_word' id='word_1_46' title='bbox 698 1396 818 1493; x_wconf 88' lang='grc' dir='ltr'>μεντοῖν</span> <span class='ocrx_word' id='word_1_47' title='bbox 845 1400 933 1491; x_wconf 91' lang='grc' dir='ltr'>εἴην,</span> <span class='ocrx_word' id='word_1_48' title='bbox 960 1391 1172 1492; x_wconf 85' lang='grc' dir='ltr'>ῶἈγάθων,</span> <span class='ocrx_word' id='word_1_49' title='bbox 1200 1402 1297 1471; x_wconf 83' lang='grc' dir='ltr'>εἰπεῖν</span> <span class='ocrx_word' id='word_1_50' title='bbox 1319 1397 1373 1472; x_wconf 84' lang='grc' dir='ltr'>τὸν</span> <span class='ocrx_word' id='word_1_51' title='bbox 1395 1403 1467 1472; x_wconf 90' lang='grc' dir='ltr'>Σω-</span> 
     </span>
     <span class='ocr_line' id='line_1_7' title="bbox 315 1523 1494 1624; baseline 0.001 -25"><span class='ocrx_word' id='word_1_52' title='bbox 315 1524 445 1623; x_wconf 81' lang='grc' dir='ltr'>κράτη,</span> <span class='ocrx_word' id='word_1_53' title='bbox 472 1530 500 1598; x_wconf 87' lang='grc' dir='ltr'>εί</span> <span class='ocrx_word' id='word_1_54' title='bbox 519 1523 593 1600; x_wconf 87' lang='grc' dir='ltr'>ίδῶν</span> <span class='ocrx_word' id='word_1_55' title='bbox 615 1525 676 1619; x_wconf 84' lang='grc' dir='ltr'>τὴν</span> <span class='ocrx_word' id='word_1_56' title='bbox 697 1524 758 1621; x_wconf 85' lang='grc' dir='ltr'>σὴν</span> <span class='ocrx_word' id='word_1_57' title='bbox 777 1523 928 1624; x_wconf 88' lang='grc' dir='ltr'>άνδρείαν</span> <span class='ocrx_word' id='word_1_58' title='bbox 948 1528 1009 1599; x_wconf 84' lang='grc' dir='ltr'>καὶ</span> <span class='ocrx_word' id='word_1_59' title='bbox 1027 1523 1312 1623; x_wconf 71' lang='grc' dir='ltr'>μεγαλοφροσύνην</span> <span class='ocrx_word' id='word_1_60' title='bbox 1327 1524 1494 1621; x_wconf 74' lang='grc' dir='ltr'>άναβαί-ὶν</span> 
     </span>
     <span class='ocr_line' id='line_1_8' title="bbox 314 1651 1470 1753; baseline 0.003 -29"><span class='ocrx_word' id='word_1_61' title='bbox 314 1681 423 1742; x_wconf 86' lang='grc' dir='ltr'>νοντας</span> <span class='ocrx_word' id='word_1_62' title='bbox 441 1656 494 1727; x_wconf 89' lang='grc' dir='ltr'>ἐπὶ</span> <span class='ocrx_word' id='word_1_63' title='bbox 517 1652 574 1728; x_wconf 86' lang='grc' dir='ltr'>τόν</span> <span class='ocrx_word' id='word_1_64' title='bbox 599 1651 778 1752; x_wconf 83' lang='grc' dir='ltr'>όκρῖβαντα</span> <span class='ocrx_word' id='word_1_65' title='bbox 798 1653 889 1749; x_wconf 82' lang='grc' dir='ltr'>μετά</span> <span class='ocrx_word' id='word_1_66' title='bbox 904 1658 968 1727; x_wconf 91' lang='grc' dir='ltr'>τῶν</span> <span class='ocrx_word' id='word_1_67' title='bbox 993 1652 1176 1752; x_wconf 76' lang='grc' dir='ltr'>ὑποκριτῶν</span> <span class='ocrx_word' id='word_1_68' title='bbox 1200 1656 1262 1727; x_wconf 87' lang='grc' dir='ltr'>καὶ</span> <span class='ocrx_word' id='word_1_69' title='bbox 1287 1658 1470 1753; x_wconf 80' lang='grc' dir='ltr'>βλέψαντος</span> 
     </span>
     <span class='ocr_line' id='line_1_9' title="bbox 315 1779 1468 1885; baseline 0 -29"><span class='ocrx_word' id='word_1_70' title='bbox 315 1786 449 1856; x_wconf 77' lang='grc' dir='ltr'>ἐναντία</span> <span class='ocrx_word' id='word_1_71' title='bbox 464 1779 609 1885; x_wconf 85' lang='grc' dir='ltr'>τοσοῦτφ</span> <span class='ocrx_word' id='word_1_72' title='bbox 624 1780 760 1882; x_wconf 80' lang='grc' dir='ltr'>θεάτρῳ,</span> <span class='ocrx_word' id='word_1_73' title='bbox 782 1788 954 1876; x_wconf 91' lang='grc' dir='ltr'>μέλλοντος</span> <span class='ocrx_word' id='word_1_74' title='bbox 969 1784 1181 1871; x_wconf 83' lang='grc' dir='ltr'>ἐπιδείξεσθαι</span> <span class='ocrx_word' id='word_1_75' title='bbox 1197 1789 1322 1856; x_wconf 91' lang='grc' dir='ltr'>σαυτοῦ</span> <span class='ocrx_word' id='word_1_76' title='bbox 1340 1781 1468 1879; x_wconf 82' lang='grc' dir='ltr'>λόγους,</span> 
     </span>
     <span class='ocr_line' id='line_1_10' title="bbox 314 1907 1470 2007; baseline 0 -24"><span class='ocrx_word' id='word_1_77' title='bbox 314 1914 375 1984; x_wconf 88' lang='grc' dir='ltr'>καὶ</span> <span class='ocrx_word' id='word_1_78' title='bbox 391 1907 456 1984; x_wconf 73' lang='grc' dir='ltr'>οὐδ’</span> <span class='ocrx_word' id='word_1_79' title='bbox 476 1907 658 1984; x_wconf 81' lang='grc' dir='ltr'>ὁπωστιοῦν</span> <span class='ocrx_word' id='word_1_80' title='bbox 677 1915 914 2006; x_wconf 80' lang='grc' dir='ltr'>ἐκπλαγέντος,</span> <span class='ocrx_word' id='word_1_81' title='bbox 940 1917 996 1983; x_wconf 90' lang='grc' dir='ltr'>νῦν</span> <span class='ocrx_word' id='word_1_82' title='bbox 1016 1914 1154 2003; x_wconf 88' lang='grc' dir='ltr'>οἴηθείην</span> <span class='ocrx_word' id='word_1_83' title='bbox 1177 1938 1215 1983; x_wconf 92' lang='grc' dir='ltr'>σε</span> <span class='ocrx_word' id='word_1_84' title='bbox 1239 1908 1470 2007; x_wconf 82' lang='grc' dir='ltr'>θορυβὴσεσθαι</span> 
     </span>
     <span class='ocr_line' id='line_1_11' title="bbox 314 2031 1469 2136; baseline 0.003 -26"><span class='ocrx_word' id='word_1_85' title='bbox 314 2035 392 2132; x_wconf 83' lang='grc' dir='ltr'>ἕνεχ’</span> <span class='ocrx_word' id='word_1_86' title='bbox 412 2035 503 2131; x_wconf 93' lang='grc' dir='ltr'>ἡμῶν</span> <span class='ocrx_word' id='word_1_87' title='bbox 525 2035 639 2133; x_wconf 85' lang='grc' dir='ltr'>όλίγων</span> <span class='ocrx_word' id='word_1_88' title='bbox 658 2036 840 2136; x_wconf 84' lang='grc' dir='ltr'>άνθρῶπων.</span> <span class='ocrx_word' id='word_1_89' title='bbox 882 2042 925 2112; x_wconf 87' lang='grc' dir='ltr'>Τί</span> <span class='ocrx_word' id='word_1_90' title='bbox 941 2041 1000 2111; x_wconf 90' lang='grc' dir='ltr'>δαί</span> <span class='ocrx_word' id='word_1_91' title='bbox 1007 2068 1017 2124; x_wconf 81' lang='lat'><em>3</em></span> <span class='ocrx_word' id='word_1_92' title='bbox 1045 2031 1068 2111; x_wconf 85' lang='grc' dir='ltr'>ῶ</span> <span class='ocrx_word' id='word_1_93' title='bbox 1084 2036 1274 2136; x_wconf 79' lang='grc' dir='ltr'>Σώκρατες,</span> <span class='ocrx_word' id='word_1_94' title='bbox 1293 2038 1348 2112; x_wconf 85' lang='grc' dir='ltr'>τὸν</span> <span class='ocrx_word' id='word_1_95' title='bbox 1364 2038 1469 2134; x_wconf 88' lang='grc' dir='ltr'>Ἀγά-</span> 
     </span>
     <span class='ocr_line' id='line_1_12' title="bbox 315 2163 1470 2264; baseline 0.001 -25"><span class='ocrx_word' id='word_1_96' title='bbox 315 2172 402 2239; x_wconf 89' lang='grc' dir='ltr'>θωνα</span> <span class='ocrx_word' id='word_1_97' title='bbox 421 2163 535 2263; x_wconf 89' lang='grc' dir='ltr'>φάναι,</span> <span class='ocrx_word' id='word_1_98' title='bbox 563 2165 600 2240; x_wconf 90' lang='grc' dir='ltr'>οῦ</span> <span class='ocrx_word' id='word_1_99' title='bbox 618 2164 726 2261; x_wconf 89' lang='grc' dir='ltr'>δὴπου</span> <span class='ocrx_word' id='word_1_100' title='bbox 745 2195 785 2261; x_wconf 90' lang='grc' dir='ltr'>με</span> <span class='ocrx_word' id='word_1_101' title='bbox 805 2166 889 2240; x_wconf 81' lang='grc' dir='ltr'>οὕτω</span> <span class='ocrx_word' id='word_1_102' title='bbox 908 2165 1043 2264; x_wconf 76' lang='grc' dir='ltr'>θεάτρου</span> <span class='ocrx_word' id='word_1_103' title='bbox 1064 2166 1180 2261; x_wconf 82' lang='grc' dir='ltr'>μεστόν</span> <span class='ocrx_word' id='word_1_104' title='bbox 1197 2165 1282 2262; x_wconf 90' lang='grc' dir='ltr'>ἡγεῖ,</span> <span class='ocrx_word' id='word_1_105' title='bbox 1310 2166 1470 2241; x_wconf 80' lang='grc' dir='ltr'>ὥστεκαὶ</span> 
     </span>
    </p>
   </div>
   <div class='ocr_carea' id='block_1_3' title="bbox 315 2291 1471 2412">
    <p class='ocr_par' dir='ltr' id='par_1_3' title="bbox 315 2291 1471 2412">
     <span class='ocr_line' id='line_1_13' title="bbox 315 2291 1471 2412; baseline 0.002 -45"><span class='ocrx_word' id='word_1_106' title='bbox 315 2291 460 2389; x_wconf 87' lang='grc' dir='ltr'>άγνοεῖν,</span> <span class='ocrx_word' id='word_1_107' title='bbox 485 2294 537 2369; x_wconf 83' lang='grc' dir='ltr'>ότι</span> <span class='ocrx_word' id='word_1_108' title='bbox 553 2302 625 2369; x_wconf 91' lang='grc' dir='ltr'>νοῦν</span> <span class='ocrx_word' id='word_1_109' title='bbox 646 2300 751 2391; x_wconf 80' lang='grc' dir='ltr'>ἔχοντι</span> <span class='ocrx_word' id='word_1_110' title='bbox 770 2293 870 2390; x_wconf 88' lang='grc' dir='ltr'>όλῖγοι</span> <span class='ocrx_word' id='word_1_111' title='bbox 893 2300 1048 2412; x_wconf 84' lang='grc' dir='ltr'>ἔμφρονες</span> <span class='ocrx_word' id='word_1_112' title='bbox 1065 2300 1191 2368; x_wconf 82' lang='grc' dir='ltr'>πολλῶν</span> <span class='ocrx_word' id='word_1_113' title='bbox 1208 2293 1356 2393; x_wconf 87' lang='grc' dir='ltr'>άφρόνων</span> <span class='ocrx_word' id='word_1_114' title='bbox 1377 2303 1471 2393; x_wconf 81' lang='grc' dir='ltr'>φοβε-</span> 
     </span>
    </p>
   </div>
   <div class='ocr_carea' id='block_1_4' title="bbox 312 2417 1495 4957">
    <p class='ocr_par' dir='ltr' id='par_1_4' title="bbox 312 2417 1495 4570">
     <span class='ocr_line' id='line_1_14' title="bbox 315 2417 1494 2520; baseline 0.001 -25"><span class='ocrx_word' id='word_1_115' title='bbox 315 2419 454 2519; x_wconf 85' lang='grc' dir='ltr'>ρῶτεροι</span> <span class='ocrx_word' id='word_1_116' title='bbox 506 2421 556 2495; x_wconf 91' lang='grc' dir='ltr'>Οῦ</span> <span class='ocrx_word' id='word_1_117' title='bbox 581 2422 701 2519; x_wconf 87' lang='grc' dir='ltr'>μεντοῖν</span> <span class='ocrx_word' id='word_1_118' title='bbox 726 2429 838 2509; x_wconf 86' lang='grc' dir='ltr'>καλῶς</span> <span class='ocrx_word' id='word_1_119' title='bbox 862 2426 1005 2516; x_wconf 84' lang='grc' dir='ltr'>ποιοίην,</span> <span class='ocrx_word' id='word_1_120' title='bbox 1033 2420 1138 2520; x_wconf 84' lang='grc' dir='ltr'>φάναι</span> <span class='ocrx_word' id='word_1_121' title='bbox 1158 2422 1212 2496; x_wconf 86' lang='grc' dir='ltr'>τὸν</span> <span class='ocrx_word' id='word_1_122' title='bbox 1230 2423 1417 2520; x_wconf 85' lang='grc' dir='ltr'>Σωκράτη,</span> <span class='ocrx_word' id='word_1_123' title='bbox 1444 2417 1494 2496; x_wconf 74' lang='grc' dir='ltr'>ῶν</span> 
     </span>
     <span class='ocr_line' id='line_1_15' title="bbox 312 2546 1469 2649; baseline 0.001 -25"><span class='ocrx_word' id='word_1_124' title='bbox 312 2548 479 2645; x_wconf 87' lang='grc' dir='ltr'>Ἀγάθων,</span> <span class='ocrx_word' id='word_1_125' title='bbox 507 2553 579 2649; x_wconf 86' lang='grc' dir='ltr'>περὶ</span> <span class='ocrx_word' id='word_1_126' title='bbox 598 2558 656 2625; x_wconf 94' lang='grc' dir='ltr'>σοῦ</span> <span class='ocrx_word' id='word_1_127' title='bbox 682 2579 714 2625; x_wconf 93' lang='grc' dir='ltr'>τι</span> <span class='ocrx_word' id='word_1_128' title='bbox 736 2550 798 2646; x_wconf 89' lang='grc' dir='ltr'>ἐγῶ</span> <span class='ocrx_word' id='word_1_129' title='bbox 816 2549 969 2648; x_wconf 90' lang='grc' dir='ltr'>οἴγροικον</span> <span class='ocrx_word' id='word_1_130' title='bbox 988 2550 1148 2639; x_wconf 80' lang='grc' dir='ltr'>δοξάζων·</span> <span class='ocrx_word' id='word_1_131' title='bbox 1177 2549 1249 2624; x_wconf 78' lang='grc' dir='ltr'>ἀλλ’</span> <span class='ocrx_word' id='word_1_132' title='bbox 1269 2546 1305 2624; x_wconf 88' lang='grc' dir='ltr'>εῦ</span> <span class='ocrx_word' id='word_1_133' title='bbox 1326 2550 1382 2625; x_wconf 77' lang='grc' dir='ltr'>οἶδ’</span> <span class='ocrx_word' id='word_1_134' title='bbox 1408 2551 1469 2643; x_wconf 83' lang='grc' dir='ltr'>ότι,</span> 
     </span>
     <span class='ocr_line' id='line_1_16' title="bbox 315 2677 1471 2778; baseline 0.003 -27"><span class='ocrx_word' id='word_1_135' title='bbox 315 2681 344 2751; x_wconf 88' lang='grc' dir='ltr'>εἴ</span> <span class='ocrx_word' id='word_1_136' title='bbox 361 2705 446 2751; x_wconf 89' lang='grc' dir='ltr'>τισιν</span> <span class='ocrx_word' id='word_1_137' title='bbox 469 2679 627 2774; x_wconf 82' lang='grc' dir='ltr'>ἐντύχοις,</span> <span class='ocrx_word' id='word_1_138' title='bbox 654 2678 711 2766; x_wconf 88' lang='grc' dir='ltr'>οῦς</span> <span class='ocrx_word' id='word_1_139' title='bbox 727 2678 820 2774; x_wconf 87' lang='grc' dir='ltr'>ἡγοῖο</span> <span class='ocrx_word' id='word_1_140' title='bbox 838 2677 979 2777; x_wconf 89' lang='grc' dir='ltr'>σοφοῦς,</span> <span class='ocrx_word' id='word_1_141' title='bbox 1007 2684 1138 2775; x_wconf 85' lang='grc' dir='ltr'>μάλλον</span> <span class='ocrx_word' id='word_1_142' title='bbox 1154 2678 1194 2752; x_wconf 86' lang='grc' dir='ltr'>άν</span> <span class='ocrx_word' id='word_1_143' title='bbox 1215 2678 1326 2754; x_wconf 87' lang='grc' dir='ltr'>αῦτῶν</span> <span class='ocrx_word' id='word_1_144' title='bbox 1344 2684 1471 2778; x_wconf 87' lang='grc' dir='ltr'>φροντί-</span> 
     </span>
     <span class='ocr_line' id='line_1_17' title="bbox 316 2800 1470 2905; baseline 0.001 -24"><span class='ocrx_word' id='word_1_145' title='bbox 316 2812 380 2896; x_wconf 86' lang='grc' dir='ltr'>ζοις</span> <span class='ocrx_word' id='word_1_146' title='bbox 397 2806 419 2903; x_wconf 89' lang='grc' dir='ltr'>ἡ</span> <span class='ocrx_word' id='word_1_147' title='bbox 437 2815 501 2881; x_wconf 89' lang='grc' dir='ltr'>τῶν</span> <span class='ocrx_word' id='word_1_148' title='bbox 519 2813 667 2882; x_wconf 74' lang='grc' dir='ltr'>πολλῶν.</span> <span class='ocrx_word' id='word_1_149' title='bbox 696 2805 787 2881; x_wconf 81' lang='grc' dir='ltr'>ἀλλά</span> <span class='ocrx_word' id='word_1_150' title='bbox 806 2806 851 2903; x_wconf 88' lang='grc' dir='ltr'>μὴ</span> <span class='ocrx_word' id='word_1_151' title='bbox 871 2807 930 2905; x_wconf 86' lang='grc' dir='ltr'>οῦχ</span> <span class='ocrx_word' id='word_1_152' title='bbox 949 2800 1041 2882; x_wconf 90' lang='grc' dir='ltr'>οῦτοι</span> <span class='ocrx_word' id='word_1_153' title='bbox 1057 2806 1152 2903; x_wconf 89' lang='grc' dir='ltr'>ἡμεῖς</span> <span class='ocrx_word' id='word_1_154' title='bbox 1170 2801 1271 2903; x_wconf 86' lang='grc' dir='ltr'>ῶμεν·</span> <span class='ocrx_word' id='word_1_155' title='bbox 1300 2807 1394 2905; x_wconf 89' lang='grc' dir='ltr'>ἡμεῖς</span> <span class='ocrx_word' id='word_1_156' title='bbox 1413 2811 1470 2905; x_wconf 83' lang='grc' dir='ltr'>μὲν</span> 
     </span>
     <span class='ocr_line' id='line_1_18' title="bbox 314 2931 1471 3034; baseline 0.002 -25"><span class='ocrx_word' id='word_1_157' title='bbox 314 2934 381 3032; x_wconf 85' lang='grc' dir='ltr'>γάρ</span> <span class='ocrx_word' id='word_1_158' title='bbox 404 2933 504 3010; x_wconf 86' lang='grc' dir='ltr'>κάκεῖ</span> <span class='ocrx_word' id='word_1_159' title='bbox 519 2943 669 3034; x_wconf 82' lang='grc' dir='ltr'>παρῆμεν</span> <span class='ocrx_word' id='word_1_160' title='bbox 685 2940 749 3020; x_wconf 86' lang='grc' dir='ltr'>Ικαὶ</span> <span class='ocrx_word' id='word_1_161' title='bbox 763 2931 845 3032; x_wconf 89' lang='grc' dir='ltr'>ἡμεν</span> <span class='ocrx_word' id='word_1_162' title='bbox 862 2944 926 3010; x_wconf 90' lang='grc' dir='ltr'>τῶν</span> <span class='ocrx_word' id='word_1_163' title='bbox 945 2942 1082 3010; x_wconf 91' lang='grc' dir='ltr'>πολλῶν.</span> <span class='ocrx_word' id='word_1_164' title='bbox 1136 2941 1164 3009; x_wconf 86' lang='grc' dir='ltr'>εἰ</span> <span class='ocrx_word' id='word_1_165' title='bbox 1186 2934 1214 3009; x_wconf 88' lang='grc' dir='ltr'>δ’</span> <span class='ocrx_word' id='word_1_166' title='bbox 1233 2935 1305 3010; x_wconf 76' lang='grc' dir='ltr'>ἀλλ’</span> <span class='ocrx_word' id='word_1_167' title='bbox 1328 2936 1471 3033; x_wconf 86' lang='grc' dir='ltr'>ἐντῦχοις</span> 
     </span>
     <span class='ocr_line' id='line_1_19' title="bbox 316 3061 1495 3163; baseline -0.005 -26"><span class='ocrx_word' id='word_1_168' title='bbox 316 3072 439 3161; x_wconf 89' lang='grc' dir='ltr'>σοφοῖς,</span> <span class='ocrx_word' id='word_1_169' title='bbox 465 3061 539 3160; x_wconf 86' lang='grc' dir='ltr'>τάχ’</span> <span class='ocrx_word' id='word_1_170' title='bbox 559 3064 599 3138; x_wconf 90' lang='grc' dir='ltr'>οἴν</span> <span class='ocrx_word' id='word_1_171' title='bbox 619 3063 782 3160; x_wconf 86' lang='grc' dir='ltr'>αἴσχῦνοιο</span> <span class='ocrx_word' id='word_1_172' title='bbox 801 3063 943 3152; x_wconf 86' lang='grc' dir='ltr'>αῦτοῦς,</span> <span class='ocrx_word' id='word_1_173' title='bbox 964 3068 998 3137; x_wconf 88' lang='grc' dir='ltr'>εἴ</span> <span class='ocrx_word' id='word_1_174' title='bbox 1014 3093 1047 3139; x_wconf 92' lang='grc' dir='ltr'>τι</span> <span class='ocrx_word' id='word_1_175' title='bbox 1062 3069 1140 3151; x_wconf 90' lang='grc' dir='ltr'>ἴσως</span> <span class='ocrx_word' id='word_1_176' title='bbox 1159 3068 1235 3138; x_wconf 91' lang='grc' dir='ltr'>οἴοιο</span> <span class='ocrx_word' id='word_1_177' title='bbox 1251 3063 1382 3161; x_wconf 82' lang='grc' dir='ltr'>αἰσχρὸν</span> <span class='ocrx_word' id='word_1_178' title='bbox 1401 3063 1495 3163; x_wconf 81' lang='grc' dir='ltr'>[ἴν]ι</span> 
     </span>
     <span class='ocr_line' id='line_1_20' title="bbox 315 3190 1469 3290; baseline 0.003 -27"><span class='ocrx_word' id='word_1_179' title='bbox 315 3199 427 3264; x_wconf 90' lang='grc' dir='ltr'>ποιεῖν.</span> <span class='ocrx_word' id='word_1_180' title='bbox 478 3191 501 3287; x_wconf 85' lang='grc' dir='ltr'>ἡ</span> <span class='ocrx_word' id='word_1_181' title='bbox 521 3200 590 3280; x_wconf 87' lang='grc' dir='ltr'>πῶς</span> <span class='ocrx_word' id='word_1_182' title='bbox 613 3198 733 3289; x_wconf 79' lang='grc' dir='ltr'>λέγειςς</span> <span class='ocrx_word' id='word_1_183' title='bbox 755 3190 882 3287; x_wconf 83' lang='grc' dir='ltr'>Ἀληθῆ</span> <span class='ocrx_word' id='word_1_184' title='bbox 902 3199 1025 3288; x_wconf 85' lang='grc' dir='ltr'>λέγεις,</span> <span class='ocrx_word' id='word_1_185' title='bbox 1052 3191 1165 3290; x_wconf 89' lang='grc' dir='ltr'>φάναι.</span> <span class='ocrx_word' id='word_1_186' title='bbox 1219 3191 1305 3279; x_wconf 84' lang='grc' dir='ltr'>Τοῦς</span> <span class='ocrx_word' id='word_1_187' title='bbox 1329 3196 1366 3266; x_wconf 86' lang='grc' dir='ltr'>δὲ</span> <span class='ocrx_word' id='word_1_188' title='bbox 1392 3199 1469 3266; x_wconf 89' lang='grc' dir='ltr'>πολ-</span> 
     </span>
     <span class='ocr_line' id='line_1_21' title="bbox 314 3317 1469 3418; baseline 0.002 -25"><span class='ocrx_word' id='word_1_189' title='bbox 314 3317 394 3406; x_wconf 87' lang='grc' dir='ltr'>λοῦς</span> <span class='ocrx_word' id='word_1_190' title='bbox 411 3319 473 3395; x_wconf 90' lang='grc' dir='ltr'>οῦκ</span> <span class='ocrx_word' id='word_1_191' title='bbox 490 3319 530 3394; x_wconf 83' lang='grc' dir='ltr'>άν</span> <span class='ocrx_word' id='word_1_192' title='bbox 548 3320 722 3415; x_wconf 89' lang='grc' dir='ltr'>αῖσχῦνοιο,</span> <span class='ocrx_word' id='word_1_193' title='bbox 749 3324 777 3394; x_wconf 93' lang='grc' dir='ltr'>εἴ</span> <span class='ocrx_word' id='word_1_194' title='bbox 791 3350 824 3394; x_wconf 95' lang='grc' dir='ltr'>τι</span> <span class='ocrx_word' id='word_1_195' title='bbox 843 3324 918 3395; x_wconf 85' lang='grc' dir='ltr'>οἴοιο</span> <span class='ocrx_word' id='word_1_196' title='bbox 937 3319 1068 3418; x_wconf 77' lang='grc' dir='ltr'>αἰσχρόν</span> <span class='ocrx_word' id='word_1_197' title='bbox 1085 3332 1201 3406; x_wconf 88' lang='grc' dir='ltr'>ποιεῖν;</span> <span class='ocrx_word' id='word_1_198' title='bbox 1228 3324 1297 3395; x_wconf 88' lang='grc' dir='ltr'>Καὶ</span> <span class='ocrx_word' id='word_1_199' title='bbox 1315 3319 1369 3395; x_wconf 84' lang='grc' dir='ltr'>τόν</span> <span class='ocrx_word' id='word_1_200' title='bbox 1384 3327 1469 3395; x_wconf 91' lang='grc' dir='ltr'>Φαῖ-</span> 
     </span>
     <span class='ocr_line' id='line_1_22' title="bbox 313 3442 1469 3553; baseline 0.001 -32"><span class='ocrx_word' id='word_1_201' title='bbox 313 3455 390 3547; x_wconf 90' lang='grc' dir='ltr'>δρον</span> <span class='ocrx_word' id='word_1_202' title='bbox 417 3453 481 3546; x_wconf 76' lang='grc' dir='ltr'>ἔφη</span> <span class='ocrx_word' id='word_1_203' title='bbox 506 3446 700 3545; x_wconf 76' lang='grc' dir='ltr'>ὑπολαβόντ’</span> <span class='ocrx_word' id='word_1_204' title='bbox 725 3442 911 3553; x_wconf 80' lang='grc' dir='ltr'>εἰπεῖν,Ὦ</span> <span class='ocrx_word' id='word_1_205' title='bbox 938 3453 1013 3548; x_wconf 89' lang='grc' dir='ltr'>φιλε</span> <span class='ocrx_word' id='word_1_206' title='bbox 1035 3447 1201 3543; x_wconf 86' lang='grc' dir='ltr'>Ἀγάθων,</span> <span class='ocrx_word' id='word_1_207' title='bbox 1228 3449 1285 3523; x_wconf 89' lang='grc' dir='ltr'>ἐάν</span> <span class='ocrx_word' id='word_1_208' title='bbox 1306 3448 1469 3548; x_wconf 82' lang='grc' dir='ltr'>άποκρίνη</span> 
     </span>
     <span class='ocr_line' id='line_1_23' title="bbox 314 3575 1469 3678; baseline 0.003 -29"><span class='ocrx_word' id='word_1_209' title='bbox 314 3575 506 3674; x_wconf 81' lang='grc' dir='ltr'>Σωκράτει,</span> <span class='ocrx_word' id='word_1_210' title='bbox 541 3576 632 3652; x_wconf 88' lang='grc' dir='ltr'>οῦδὲν</span> <span class='ocrx_word' id='word_1_211' title='bbox 657 3583 706 3651; x_wconf 84' lang='grc' dir='ltr'>ἐτι</span> <span class='ocrx_word' id='word_1_212' title='bbox 731 3581 842 3651; x_wconf 88' lang='grc' dir='ltr'>διοίσει</span> <span class='ocrx_word' id='word_1_213' title='bbox 870 3576 961 3678; x_wconf 80' lang='grc' dir='ltr'>αῦτῶ</span> <span class='ocrx_word' id='word_1_214' title='bbox 990 3576 1111 3673; x_wconf 82' lang='grc' dir='ltr'>ὁπηοῦν</span> <span class='ocrx_word' id='word_1_215' title='bbox 1140 3584 1203 3652; x_wconf 89' lang='grc' dir='ltr'>τῶν</span> <span class='ocrx_word' id='word_1_216' title='bbox 1231 3576 1335 3651; x_wconf 86' lang='grc' dir='ltr'>ἐνθάδ’</span> <span class='ocrx_word' id='word_1_217' title='bbox 1364 3577 1469 3652; x_wconf 87' lang='grc' dir='ltr'>ὁτιοῦν</span> 
     </span>
     <span class='ocr_line' id='line_1_24' title="bbox 312 3704 1468 3806; baseline 0.002 -29"><span class='ocrx_word' id='word_1_218' title='bbox 312 3705 499 3800; x_wconf 89' lang='grc' dir='ltr'>γίγνεσθαι,</span> <span class='ocrx_word' id='word_1_219' title='bbox 525 3704 582 3778; x_wconf 86' lang='grc' dir='ltr'>ἐοῖν</span> <span class='ocrx_word' id='word_1_220' title='bbox 602 3704 695 3801; x_wconf 90' lang='grc' dir='ltr'>μόνον</span> <span class='ocrx_word' id='word_1_221' title='bbox 712 3711 770 3802; x_wconf 78' lang='grc' dir='ltr'>ἔχη</span> <span class='ocrx_word' id='word_1_222' title='bbox 789 3705 853 3805; x_wconf 84' lang='grc' dir='ltr'>ἴτφ</span> <span class='ocrx_word' id='word_1_223' title='bbox 867 3711 1077 3800; x_wconf 86' lang='grc' dir='ltr'>διαλέγηται,</span> <span class='ocrx_word' id='word_1_224' title='bbox 1104 3705 1215 3792; x_wconf 86' lang='grc' dir='ltr'>άλλως</span> <span class='ocrx_word' id='word_1_225' title='bbox 1233 3709 1347 3779; x_wconf 80' lang='grc' dir='ltr'>τεκαὶ</span> <span class='ocrx_word' id='word_1_226' title='bbox 1366 3712 1468 3806; x_wconf 75' lang='grc' dir='ltr'>καλῶ.</span> 
     </span>
     <span class='ocr_line' id='line_1_25' title="bbox 314 3823 1469 3936; baseline 0 -30"><span class='ocrx_word' id='word_1_227' title='bbox 314 3831 381 3927; x_wconf 80' lang='grc' dir='ltr'>ἐγῶ</span> <span class='ocrx_word' id='word_1_228' title='bbox 406 3830 432 3906; x_wconf 89' lang='grc' dir='ltr'>δ’</span> <span class='ocrx_word' id='word_1_229' title='bbox 451 3832 556 3926; x_wconf 86' lang='grc' dir='ltr'>ἡδέως</span> <span class='ocrx_word' id='word_1_230' title='bbox 577 3836 633 3936; x_wconf 81' lang='grc' dir='ltr'>μὲν</span> <span class='ocrx_word' id='word_1_231' title='bbox 658 3831 770 3907; x_wconf 88' lang='grc' dir='ltr'>οἴκοῦω</span> <span class='ocrx_word' id='word_1_232' title='bbox 791 3831 993 3930; x_wconf 84' lang='grc' dir='ltr'>Σωκράτους</span> <span class='ocrx_word' id='word_1_233' title='bbox 1014 3840 1259 3929; x_wconf 86' lang='grc' dir='ltr'>διαλεγομένου,</span> <span class='ocrx_word' id='word_1_234' title='bbox 1287 3823 1469 3929; x_wconf 78' lang='grc' dir='ltr'>άναγκαῖον</span> 
     </span>
     <span class='ocr_line' id='line_1_26' title="bbox 313 3959 1470 4059; baseline 0.001 -25"><span class='ocrx_word' id='word_1_235' title='bbox 313 3967 355 4034; x_wconf 90' lang='grc' dir='ltr'>δέ</span> <span class='ocrx_word' id='word_1_236' title='bbox 373 3988 426 4054; x_wconf 89' lang='grc' dir='ltr'>μοι</span> <span class='ocrx_word' id='word_1_237' title='bbox 443 3965 676 4055; x_wconf 78' lang='grc' dir='ltr'>ἐπιμεληθῆναι</span> <span class='ocrx_word' id='word_1_238' title='bbox 692 3967 752 4037; x_wconf 90' lang='grc' dir='ltr'>τοῦ</span> <span class='ocrx_word' id='word_1_239' title='bbox 771 3965 932 4057; x_wconf 86' lang='grc' dir='ltr'>ἐγκωμίου</span> <span class='ocrx_word' id='word_1_240' title='bbox 952 3970 999 4059; x_wconf 75' lang='grc' dir='ltr'>τῷ</span> <span class='ocrx_word' id='word_1_241' title='bbox 1016 3961 1142 4059; x_wconf 82' lang='grc' dir='ltr'>Ἔρωτι</span> <span class='ocrx_word' id='word_1_242' title='bbox 1166 3965 1226 4035; x_wconf 87' lang='grc' dir='ltr'>καὶ</span> <span class='ocrx_word' id='word_1_243' title='bbox 1247 3959 1470 4050; x_wconf 81' lang='grc' dir='ltr'>άποδέξασθαι</span> 
     </span>
     <span class='ocr_line' id='line_1_27' title="bbox 315 4083 1470 4188; baseline 0 -25"><span class='ocrx_word' id='word_1_244' title='bbox 315 4087 395 4186; x_wconf 84' lang='grc' dir='ltr'>παρ’</span> <span class='ocrx_word' id='word_1_245' title='bbox 416 4089 484 4176; x_wconf 84' lang='grc' dir='ltr'>ἐνὸς</span> <span class='ocrx_word' id='word_1_246' title='bbox 503 4088 646 4164; x_wconf 78' lang='grc' dir='ltr'>ἑκάστου</span> <span class='ocrx_word' id='word_1_247' title='bbox 663 4088 753 4185; x_wconf 90' lang='grc' dir='ltr'>ῦμῶν</span> <span class='ocrx_word' id='word_1_248' title='bbox 774 4089 829 4163; x_wconf 85' lang='grc' dir='ltr'>τόν</span> <span class='ocrx_word' id='word_1_249' title='bbox 852 4088 956 4185; x_wconf 90' lang='grc' dir='ltr'>λόγον.</span> <span class='ocrx_word' id='word_1_250' title='bbox 1011 4088 1156 4177; x_wconf 87' lang='grc' dir='ltr'>άποδοῦς</span> <span class='ocrx_word' id='word_1_251' title='bbox 1174 4083 1227 4163; x_wconf 85' lang='grc' dir='ltr'>οῦν</span> <span class='ocrx_word' id='word_1_252' title='bbox 1245 4087 1401 4187; x_wconf 79' lang='grc' dir='ltr'>ἑκάτερος</span> <span class='ocrx_word' id='word_1_253' title='bbox 1424 4097 1470 4188; x_wconf 78' lang='grc' dir='ltr'>τῷ</span> 
     </span>
     <span class='ocr_line' id='line_1_28' title="bbox 315 4211 1492 4317; baseline 0.002 -28"><span class='ocrx_word' id='word_1_254' title='bbox 315 4223 377 4317; x_wconf 78' lang='grc' dir='ltr'>θεῷ</span> <span class='ocrx_word' id='word_1_255' title='bbox 402 4218 504 4305; x_wconf 85' lang='grc' dir='ltr'>οῦτως</span> <span class='ocrx_word' id='word_1_256' title='bbox 528 4217 594 4313; x_wconf 81' lang='grc' dir='ltr'>ἤδη</span> <span class='ocrx_word' id='word_1_257' title='bbox 618 4223 822 4313; x_wconf 77' lang='grc' dir='ltr'>διαλεγέσθω.</span> <span class='ocrx_word' id='word_1_258' title='bbox 874 4216 982 4293; x_wconf 85' lang='grc' dir='ltr'>Ἀλλά</span> <span class='ocrx_word' id='word_1_259' title='bbox 1007 4225 1117 4304; x_wconf 89' lang='grc' dir='ltr'>καλῶς</span> <span class='ocrx_word' id='word_1_260' title='bbox 1140 4224 1261 4313; x_wconf 90' lang='grc' dir='ltr'>λέγεις,</span> <span class='ocrx_word' id='word_1_261' title='bbox 1289 4211 1492 4314; x_wconf 66' lang='grc' dir='ltr'>ῶΦαιδρε,ε</span> 
     </span>
     <span class='ocr_line' id='line_1_29' title="bbox 315 4343 1470 4443; baseline 0.001 -26"><span class='ocrx_word' id='word_1_262' title='bbox 315 4343 424 4442; x_wconf 89' lang='grc' dir='ltr'>φάναι</span> <span class='ocrx_word' id='word_1_263' title='bbox 444 4344 499 4419; x_wconf 87' lang='grc' dir='ltr'>τὸν</span> <span class='ocrx_word' id='word_1_264' title='bbox 523 4343 716 4441; x_wconf 90' lang='grc' dir='ltr'>Ἀγάθωνα,</span> <span class='ocrx_word' id='word_1_265' title='bbox 742 4349 802 4419; x_wconf 86' lang='grc' dir='ltr'>καὶ</span> <span class='ocrx_word' id='word_1_266' title='bbox 827 4344 918 4420; x_wconf 88' lang='grc' dir='ltr'>οῦδέν</span> <span class='ocrx_word' id='word_1_267' title='bbox 943 4375 983 4441; x_wconf 92' lang='grc' dir='ltr'>με</span> <span class='ocrx_word' id='word_1_268' title='bbox 1008 4344 1127 4420; x_wconf 89' lang='grc' dir='ltr'>κωλῦει</span> <span class='ocrx_word' id='word_1_269' title='bbox 1151 4352 1270 4441; x_wconf 86' lang='grc' dir='ltr'>λέγειν·</span> <span class='ocrx_word' id='word_1_270' title='bbox 1298 4343 1470 4443; x_wconf 89' lang='grc' dir='ltr'>Σωκράτει</span> 
     </span>
     <span class='ocr_line' id='line_1_30' title="bbox 314 4467 1124 4570; baseline 0 -24"><span class='ocrx_word' id='word_1_271' title='bbox 314 4470 383 4570; x_wconf 85' lang='grc' dir='ltr'>γάρ</span> <span class='ocrx_word' id='word_1_272' title='bbox 405 4476 465 4547; x_wconf 85' lang='grc' dir='ltr'>καὶ</span> <span class='ocrx_word' id='word_1_273' title='bbox 487 4467 579 4561; x_wconf 77' lang='grc' dir='ltr'>αὖθις</span> <span class='ocrx_word' id='word_1_274' title='bbox 602 4479 698 4548; x_wconf 81' lang='grc' dir='ltr'>ἔσται</span> <span class='ocrx_word' id='word_1_275' title='bbox 722 4473 882 4562; x_wconf 90' lang='grc' dir='ltr'>πολλάκις</span> <span class='ocrx_word' id='word_1_276' title='bbox 906 4480 1124 4570; x_wconf 88' lang='grc' dir='ltr'>διαλέγεσθαι.</span> 
     </span>
    </p>

    <p class='ocr_par' dir='ltr' id='par_1_5' title="bbox 312 4595 1472 4957">
     <span class='ocr_line' id='line_1_31' title="bbox 396 4595 1470 4700; baseline -0.003 -22"><span class='ocrx_word' id='word_1_277' title='bbox 396 4602 523 4678; x_wconf 86' lang='lat' dir='ltr'><strong>XVIH.</strong></span> <span class='ocrx_word' id='word_1_278' title='bbox 572 4599 663 4698; x_wconf 89' lang='grc' dir='ltr'>Ἐγῶ</span> <span class='ocrx_word' id='word_1_279' title='bbox 685 4606 722 4676; x_wconf 83' lang='grc' dir='ltr'>δὲ</span> <span class='ocrx_word' id='word_1_280' title='bbox 738 4601 780 4698; x_wconf 85' lang='grc' dir='ltr'>δὴ</span> <span class='ocrx_word' id='word_1_281' title='bbox 798 4602 957 4698; x_wconf 82' lang='grc' dir='ltr'>βούλομαι</span> <span class='ocrx_word' id='word_1_282' title='bbox 974 4610 1100 4700; x_wconf 89' lang='grc' dir='ltr'>πρῶτον</span> <span class='ocrx_word' id='word_1_283' title='bbox 1119 4606 1175 4697; x_wconf 86' lang='grc' dir='ltr'>μὲν</span> <span class='ocrx_word' id='word_1_284' title='bbox 1195 4606 1292 4676; x_wconf 76' lang='grc' dir='ltr'>εἰπεῖν</span> <span class='ocrx_word' id='word_1_285' title='bbox 1309 4595 1332 4697; x_wconf 86' lang='grc' dir='ltr'>ἡ</span> <span class='ocrx_word' id='word_1_286' title='bbox 1350 4600 1412 4699; x_wconf 85' lang='grc' dir='ltr'>χρὴ</span> <span class='ocrx_word' id='word_1_287' title='bbox 1430 4629 1470 4696; x_wconf 92' lang='grc' dir='ltr'>με</span> 
     </span>
     <span class='ocr_line' id='line_1_32' title="bbox 313 4728 1468 4828; baseline -0.003 -24"><span class='ocrx_word' id='word_1_288' title='bbox 313 4736 477 4820; x_wconf 86' lang='grc' dir='ltr'>ἐπαινεῖν,</span> <span class='ocrx_word' id='word_1_289' title='bbox 503 4729 599 4805; x_wconf 81' lang='grc' dir='ltr'>ἔπειτ’</span> <span class='ocrx_word' id='word_1_290' title='bbox 625 4735 775 4807; x_wconf 88' lang='grc' dir='ltr'>ἐπαινεῖν.</span> <span class='ocrx_word' id='word_1_291' title='bbox 827 4738 961 4805; x_wconf 90' lang='grc' dir='ltr'>δοκοῦσι</span> <span class='ocrx_word' id='word_1_292' title='bbox 985 4729 1049 4828; x_wconf 87' lang='grc' dir='ltr'>γάρ</span> <span class='ocrx_word' id='word_1_293' title='bbox 1068 4759 1122 4826; x_wconf 89' lang='grc' dir='ltr'>μοι</span> <span class='ocrx_word' id='word_1_294' title='bbox 1139 4728 1261 4817; x_wconf 88' lang='grc' dir='ltr'>πάντες</span> <span class='ocrx_word' id='word_1_295' title='bbox 1283 4734 1312 4804; x_wconf 89' lang='grc' dir='ltr'>οῖ</span> <span class='ocrx_word' id='word_1_296' title='bbox 1338 4729 1468 4826; x_wconf 79' lang='grc' dir='ltr'>πρόσθεν</span> 
     </span>
     <span class='ocr_line' id='line_1_33' title="bbox 312 4844 1472 4957; baseline -0.006 -22"><span class='ocrx_word' id='word_1_297' title='bbox 312 4857 483 4957; x_wconf 86' lang='grc' dir='ltr'>εἴρηκότες</span> <span class='ocrx_word' id='word_1_298' title='bbox 498 4858 535 4932; x_wconf 89' lang='grc' dir='ltr'>οῦ</span> <span class='ocrx_word' id='word_1_299' title='bbox 552 4858 607 4932; x_wconf 85' lang='grc' dir='ltr'>τὸν</span> <span class='ocrx_word' id='word_1_300' title='bbox 626 4856 693 4932; x_wconf 83' lang='grc' dir='ltr'>θεὸν</span> <span class='ocrx_word' id='word_1_301' title='bbox 709 4857 931 4955; x_wconf 79' lang='grc' dir='ltr'>ἐγκωμιάζειν,</span> <span class='ocrx_word' id='word_1_302' title='bbox 958 4856 1050 4932; x_wconf 90' lang='grc' dir='ltr'>οίλλοὶ</span> <span class='ocrx_word' id='word_1_303' title='bbox 1065 4857 1143 4946; x_wconf 86' lang='grc' dir='ltr'>τοῦς</span> <span class='ocrx_word' id='word_1_304' title='bbox 1158 4856 1345 4957; x_wconf 83' lang='grc' dir='ltr'>οἴνθρῶπους</span> <span class='ocrx_word' id='word_1_305' title='bbox 1361 4844 1472 4930; x_wconf 52' lang='grc' dir='ltr'>εῦδαιζ</span> 
     </span>
    </p>
   </div>
   <div class='ocr_carea' id='block_1_5' title="bbox 0 0 1931 5700">
    <p class='ocr_par' dir='ltr' id='par_1_6' title="bbox 0 0 1931 5700">
     <span class='ocr_line' id='line_1_34' title="bbox 0 0 1931 5700; baseline 0 0"><span class='ocrx_word' id='word_1_306' title='bbox 0 0 1931 5700; x_wconf 95' lang='lat' dir='ltr'> </span> 
     </span>
    </p>
   </div>
  </div>
 </body>
</html>
