3850 5700
402 776 442 842 18
874 771 1088 828 Πιιτυιιοε·

401 920 496 1012 ἔρως·
521 912 537 989 ὁ
556 916 592 987 δὲ
610 916 812 1005 Πολυμνίας,
838 912 854 987 ὁ
871 912 1060 1007 πάνδημος,
1087 912 1121 986 ὃν
1138 920 1189 985 δεῖ
1204 912 1447 1009 εὐλαβούμενον
1464 946 1589 1015 προσ-ε

401 1050 503 1140 φέρειν
524 1040 569 1127 οἷς
588 1041 629 1115 ἀν
648 1048 831 1139 προσφέρῃ,
858 1041 945 1127 ὅπως
972 1040 1013 1113 σίν
1038 1041 1099 1135 τῇν
1124 1045 1179 1133 μὲν
1203 1040 1322 1135 ῇδονήν
1345 1042 1457 1117 αύτού
1482 1075 1567 1143 καρ-

402 1168 566 1264 πιίσητοιι,
592 1167 777 1243 ἀκολασίαν
796 1172 833 1242 δὲ
850 1172 1012 1263 μηδεμίαν
1029 1168 1209 1263 ἐμποιῇοη,
1239 1170 1347 1266 ὥσπερ
1365 1178 1398 1243 ἐν
1419 1180 1465 1268 τῇ
1483 1171 1566 1267 ἠμε-

400 1306 481 1396 τέρα
502 1304 599 1393 τέχνῇ
619 1303 706 1392 μέγα
723 1302 812 1393 ἔργον
831 1306 907 1382 ταῖς
925 1300 996 1393 περὶ
1015 1296 1075 1389 τήν
1093 1295 1286 1395 ὀψοποιικῇν
1309 1305 1429 1393 τέχνην
1454 1306 1565 1375 ἐπιθυ-

400 1429 490 1520 μίαις
514 1431 624 1511 καλῶς
642 1430 799 1521 χρῆσθαι,
828 1421 902 1496 ὥστ’
928 1422 1006 1498 ἀνευ
1033 1424 1129 1497 νόσου
1147 1423 1207 1518 τήν
1228 1423 1348 1520 ηδονῇν
1374 1426 1565 1525 καρπωσα-

400 1560 482 1629 σθαι.
537 1556 605 1626 Καὶ
626 1559 657 1625 ἐν
678 1559 819 1646 μουσικῇ
843 1551 886 1643 δῇ
909 1555 970 1625 καὶ
993 1558 1024 1624 ἐν
1049 1558 1183 1649 ἰατρικῇ
1211 1556 1322 1625 καὶέν
1347 1564 1418 1641 τοῖς
1447 1555 1565 1644 ἀλλοις

400 1690 484 1755 πᾶσι
504 1684 648 1767 καὶτοῖς
669 1677 874 1777 ἀνθρωπείας
895 1684 954 1752 καί
981 1689 1048 1767 τοῖς
1068 1684 1176 1769 θείοις,
1203 1679 1274 1754 καθ’
1295 1680 1369 1754 ’ὅσον
1398 1690 1565 1781 παρείκει,

401 1817 585 1908 φυλακτέον
613 1807 765 1902 έκάτερον
792 1807 847 1880 τὸν
875 1812 999 1914 ἔρωτα·
1027 1814 1151 1881 ένεστον
1178 1808 1252 1905 γάρ.

344 1955 391 2002 188
478 1942 565 2010 xm.
599 1936 696 2009 Ἐπεὶ
712 1934 812 2031 καὶὴ
834 1943 896 2009 τῶν
916 1933 1003 2032 ὡρῶν
1024 1943 1082 2010 τού
1102 1940 1250 2009 ἐνιαυτοῦ
1270 1935 1436 2025 σύστασις
1453 1940 1588 2035 μεστῇ·

400 2072 487 2141 ἐστιν
512 2063 704 2162 ἀμφοτέρων
728 2062 867 2137 τούτων·
896 2061 1057 2137 κάπειδάν
1081 2067 1137 2158 μὲν
1160 2064 1239 2160 πρὸς
1259 2064 1395 2158 ἀλληλα
1420 2074 1482 2141 τοῦ
1510 2098 1565 2142 κο-

401 2198 495 2287 σμίου
517 2192 601 2288 τύχη
623 2199 756 2288 ἐρωτος,
785 2190 882 2265 ἀνύν
898 2190 940 2286 δῇ
963 2191 1026 2286 ἐγω
1047 2197 1173 2286 ἐλεγον,
1199 2192 1245 2276 τά
1262 2221 1298 2266 τε
1315 2194 1419 2291 θερμά
1434 2200 1500 2269 καὶ
1519 2196 1566 2270 τοὶ

401 2320 527 2420 ψυχρά,
554 2325 614 2394 καὶ
638 2318 725 2416 ξηρὰ
749 2321 810 2392 καί
836 2317 939 2415 ύγροὶ,
968 2322 1026 2392 καὶ
1055 2318 1211 2416 ἁρμονίαν
1236 2324 1296 2394 καὶ
1322 2329 1443 2418 κροῖσιν
1472 2323 1565 2419 λάβῇ

401 2448 562 2547 σύφρονα,
590 2449 664 2541 ἥκει
683 2453 823 2543 φέροντα
843 2444 1013 2543 εὐετηρίαν
1029 2476 1065 2519 τε
1084 2450 1145 2520 καὶ
1161 2445 1285 2542 ὑγίειαν
1302 2446 1488 2546 ἀνθρώποις
1506 2456 1566 2524 καί

402 2588 475 2664 τοῖς
494 2574 606 2661 σίλλοις
630 2573 776 2673 ζῴοιςτε
796 2578 854 2647 καί
877 2584 1008 2669 φυτοῖς,
1036 2578 1096 2648 καὶ
1115 2574 1204 2649 ούδὲν
1225 2573 1403 2669 ῇδίκησεν·
1430 2578 1517 2653 ὅταν
1535 2580 1563 2654 δ’

403 2703 419 2777 ὁ
440 2702 525 2797 μετοὶ
542 2710 603 2797 τῆς
623 2702 743 2798 ὕβρεως
756 2700 866 2798 Ἔρως
885 2707 1138 2800 ἐγκρατέστερος
1156 2707 1228 2799 περὶ
1245 2703 1309 2789 τάς
1327 2714 1385 2778 τού
1406 2712 1564 2781 ἐνιαυτοῦ

404 2831 491 2931 ὥρας
505 2838 652 2927 γένηται,
679 2834 832 2927 διέφθειρέ
850 2860 885 2904 τε
906 2830 1015 2905 πολλά
1033 2833 1093 2905 καί
1109 2829 1275 2925 η’δίκησεν.
1314 2836 1348 2906 οί
1359 2862 1397 2906 τε
1411 2834 1483 2932 γάρ
1500 2842 1589 2910 λοι-δ

404 2965 459 3057 μοί
478 2964 609 3058 φιλούσι
628 2963 792 3053 γίγνεσθαι
819 2964 858 3031 ἐκ
878 2966 942 3033 τῶν
964 2957 1116 3033 τοιούτων
1142 2963 1202 3033 καὶ
1227 2959 1309 3070 ἀλλ’Ι
1325 2962 1425 3056 ’ὁμοια
1452 2963 1567 3038 πολλοὶ

386 3087 578 3183 νοσήματα
593 3091 736 3175 καὶτοῖς
752 3091 870 3183 θηρίοις
887 3089 947 3159 καί
960 3097 1028 3173 τοῖς
1045 3098 1177 3185 φυτοῖς·
1205 3091 1264 3161 καὶ
1278 3088 1343 3185 γάρ
1360 3089 1490 3185 πάχναι
1505 3097 1568 3166 καὶ

404 3216 550 3312 χάλαζαι
569 3217 629 3286 καὶ
647 3219 794 3311 ἐρυσῖβαι
812 3219 850 3287 ἐκ
866 3216 1054 3303 πλεονεξίας
1071 3219 1130 3288 καὶ
1148 3214 1315 3309 ἀκοσμίας
1334 3219 1407 3314 περὶ
1424 3217 1568 3314 ἄλληλα

404 3351 469 3417 τῶν
485 3340 640 3416 τοιούτων
657 3344 823 3435 γίγνονται
840 3346 1011 3438 ἐρωτικῶν,
1039 3335 1081 3415 ὧν
1099 3341 1264 3453 ἐπιστήμη
1284 3347 1356 3440 περὶ
1374 3343 1512 3443 ἀστρων
1529 3377 1569 3422 τε

406 3468 510 3567 φοροίς
535 3471 594 3542 καὶ
621 3473 774 3541 ἐνιαυτῶν
803 3469 889 3566 ὥρας
915 3468 1115 3568 ἀστρονομία
1139 3477 1302 3545 καλεῖται
1347 3471 1428 3545 Ἔτι
1456 3480 1568 3550 τοίνυν

406 3600 465 3671 καὶ
482 3601 590 3671 θυσίαι
609 3601 718 3670 πάσαι
733 3599 793 3670 καὶ
812 3595 857 3683 οίς
876 3596 1019 3692 μαντικῇ
1038 3603 1209 3687 ἐπιστατεῖ
1223 3605 1408 3691 -ταύτα
1424 3600 1454 3673 δ’
1476 3607 1590 3678 ἐστὶνε

406 3723 429 3820 ῇ
451 3728 521 3822 περὶ
542 3722 630 3811 θεούς
648 3753 685 3798 τε
709 3727 767 3797 καὶ
783 3722 972 3822 ἀνθρώπους
990 3725 1068 3823 πρὸς
1087 3724 1254 3820 ἀλλήλους
1273 3732 1423 3801 κοινωνία
1443 3772 1500 3785 -
1528 3731 1568 3806 ού

407 3856 480 3951 περὶ
497 3852 578 3927 ἀλλο
595 3855 630 3925 τί
646 3857 730 3924 ἐστιν
746 3851 769 3946 ῇ
788 3852 1017 3951 περὶἜρωτος
1036 3852 1190 3951 φυλακήν
1206 3884 1243 3929 τε
1260 3858 1320 3929 καὶ
1336 3861 1433 3929 ἰἀσιν.
1464 3867 1568 3933 ποῖσα
1608 3844 1610 3849 ⁵

406 3980 471 4078 γάρ
489 3979 511 4076 ἡ
530 3979 666 4074 ἀσέβεια
686 3985 774 4076 φιλεῖ
790 3984 972 4076 γίγνεσθαι,
999 3980 1056 4055 ἐάν
1080 3982 1128 4076 μῇ
1152 4011 1202 4070 τις
1226 3988 1272 4082 τῷ
1292 3986 1415 4084 κοσμίῳ
1432 3983 1568 4085 Ἔρωτι

406 4112 581 4205 χαρίζηται
605 4110 689 4200 μηδὲ
714 4115 796 4206 τιμφῖ
822 4106 850 4185 τ’
880 4107 980 4181 αὐτὸν
1009 4113 1068 4181 καὶ
1094 4109 1257 4206 πρεσβεύῇ
1283 4117 1315 4184 ἐν
1340 4115 1442 4185 παντὶ
1471 4120 1568 4218 ἔργῳ,

408 4233 497 4309 ἀλλά
512 4234 566 4308 τὸν
583 4239 707 4333 ἕτερον,
733 4237 794 4307 καὶ
811 4239 883 4332 περί
897 4243 1015 4336 γονέας
1032 4241 1091 4310 καί
1110 4244 1236 4324 ζῶντας
1250 4242 1311 4311 καὶ
1328 4242 1568 4336 τετελευτηκό-

408 4391 471 4448 τας
491 4366 551 4436 καὶ
573 4365 645 4460 περὶ
669 4360 765 4450 θεούς.
819 4361 843 4436 ἀ
865 4362 907 4457 δῇ
933 4372 1178 4461 προστέτακται
1196 4373 1240 4460 τῇ
1263 4374 1408 4464 μαντικῇ
1431 4373 1568 4446 ἐπισκο·

410 4499 478 4563 πεῖν
505 4493 564 4563 καὶ
588 4489 763 4585 ἰατρεύειν,
790 4494 850 4563 καὶ
874 4497 959 4565 ἐστιν
985 4485 1072 4586 αύὴ
1100 4493 1243 4588 μαντικῇ
1267 4498 1379 4591 φιλίας
1399 4501 1480 4570 θεῶν
1506 4504 1590 4574 καὶᾱ

410 4617 580 4716 ἀνθρώπων
602 4617 798 4715 δημιουργὸς
822 4626 867 4716 τῷ
892 4623 1088 4693 ἐπίστασθαι
1109 4619 1155 4693 τά
1179 4619 1255 4696 κατ’
1277 4619 1466 4720 ἀνθρώπους
1491 4634 1566 4726 ἐρω-

409 4743 507 4836 τικά,
533 4745 598 4818 ίσα
615 4750 707 4818 τείνει
724 4745 802 4844 πρὸς
821 4752 905 4839 θέμιν
929 4752 989 4820 καὶ
1014 4746 1176 4842 ἀσέβειαν.
1230 4749 1327 4823 Οὕτω
1352 4753 1480 4848 πολλὴν
1507 4760 1567 4830 καὶ

400 4874 573 4971 μεγάλην,
598 4876 779 4969 μᾶλλονδὲ
797 4873 1065 4972 ποῖσανδύναμιν
1086 4881 1149 4972 ἔχει
1169 4875 1354 4973 ξυλλῇβδην
1375 4882 1433 4975 μέν
1455 4880 1473 4957 ὁ
1499 4893 1567 4972 παῖς
