3850 5700
434 818 481 883 xii
543 899 546 912 Ι
694 842 738 887 ou
759 842 916 888 muretus
937 843 1075 889 romnus
1096 843 1261 889 uersuum.

434 1015 533 1097 θέτου,
559 1018 634 1105 quia
661 1043 776 1087 nemen
804 1020 885 1088 illud
913 1021 1020 1108 paullo
1044 1022 1129 1089 infra
1156 1022 1316 1109 poeitume
1342 1026 1420 1087 erat.
1475 1021 1520 1087 iu

434 1128 498 1195 737
520 1129 658 1218 legitur:
684 1130 820 1220 εἰρήσθω
843 1130 881 1214 δὴ
902 1135 956 1197 νῦν
977 1131 1027 1198 ὅτι
1048 1132 1100 1198 διὰ
1121 1136 1178 1199 τοῦ
1201 1131 1246 1216 μῆ
1270 1136 1527 1221 φιλοχρηματεῖν

436 1241 517 1325 μετὰ
545 1242 639 1325 δίκης.
669 1243 756 1326 άλλη
781 1243 808 1310 δ’
833 1245 890 1310 οὐκ
915 1242 1005 1311 ἔστιν
1029 1244 1092 1312 οὔτ’
1118 1246 1221 1334 εύρεῖα
1246 1244 1317 1311 ούτε
1341 1244 1438 1327 στενὴ
1465 1249 1524 1326 τῆς

435 1353 581 1437 τοιαύτης
604 1362 749 1447 μηχανῆς
770 1356 919 1444 διαφυγή.
973 1358 1061 1445 Lege
1086 1356 1125 1440 δή
1149 1382 1212 1437 νυν,
1236 1357 1428 1444 interpungo
1451 1364 1526 1443 post

434 1470 691 1557 φιλοχρηματεῖν,
703 1477 736 1537 et
750 1471 872 1558 corrige
883 1470 967 1556 μετὰ
981 1469 1068 1551 δίκης
1081 1469 1107 1536 δ’
1119 1471 1205 1551 άλλη
1220 1469 1277 1536 οὐκ
1290 1468 1362 1536 ἔστι
1381 1515 1521 1535 .....

434 1584 490 1662 τῆς
506 1606 535 1645 τ.
553 1580 681 1670 μηχανὴ
699 1580 862 1669 διαφυγῆς.
905 1580 1036 1671 μηχανὴ
1051 1583 1105 1649 hio
1121 1582 1207 1648 idem
1223 1581 1310 1648 valet
1326 1582 1412 1667 quod
1430 1579 1525 1658 ὁδάςς

434 1700 518 1759 reote
531 1693 633 1782 igitur
649 1692 745 1776 στι-νῆ
758 1694 810 1761 vel
829 1694 931 1783 εὐρεῖα
949 1695 1074 1762 dieitur.
1119 1694 1163 1760 In
1180 1695 1244 1759 746
1263 1693 1383 1781 legitur
1398 1697 1526 1782 χρυσοῦ

434 1803 615 1893 στερόμενοι
634 1804 688 1873 καὶ
709 1805 828 1895 ἑτέρων,
843 1805 887 1872 ὧν
901 1806 995 1890 δῆλος
1009 1806 1026 1871 ὁ
1041 1805 1208 1891 νομοθέτης
1225 1805 1416 1895 προστάξων
1435 1805 1526 1871 ἐστὶν

434 1941 517 1982 κ.τ.ε.
571 1917 636 1991 Qui
659 1917 765 1984 locum
789 1925 910 1985 attente
933 1918 1030 2006 leget,
1053 1917 1253 1998 sententiam,
1278 1940 1349 2004 quae
1373 1941 1394 1983 a
1417 1918 1524 1984 verbis

435 2028 516 2095 οὕτω
539 2026 706 2113 ξύμπαντα
726 2028 876 2115 γενόμενα
898 2031 1024 2118 pendet,
1046 2054 1065 2097 e
1086 2030 1189 2096 tribue
1212 2029 1356 2118 partibus
1380 2036 1525 2095 constare

434 2140 621 2207 sentiet-1.
643 2140 758 2230 ἄνδρας
771 2167 806 2208 τε
828 2193 836 2208 .
861 2191 868 2208 .
893 2193 901 2207 .
926 2193 934 2209 .
989 2143 1020 2208 2.
1043 2140 1097 2215 καὶ
1116 2140 1216 2230 ἔτερα,
1232 2140 1254 2207 ἃ
1270 2139 1366 2223 δῆλος
1387 2187 1523 2208 .....

434 2236 471 2317 3.
488 2250 536 2318 ἔτι
554 2251 588 2318 δὲ
603 2252 710 2342 χώρας
729 2280 764 2320 τε
785 2302 793 2319 .
816 2259 825 2319 ’.
848 2299 857 2320 .
879 2302 887 2320 .
941 2254 985 2321 In
1007 2255 1069 2321 781
1092 2261 1129 2319 ut
1150 2260 1236 2320 recto
1257 2253 1323 2319 talo
1341 2259 1404 2319 stet
1420 2252 1523 2319 oratio

433 2387 490 2450 pro
514 2365 867 2467 puratxae-jtivdtoow
891 2364 1030 2454 φανερὰν
1054 2363 1240 2453 θεωρεῖσθαι
1263 2364 1335 2450 quis
1356 2387 1423 2429 non
1447 2387 1523 2430 oon·

432 2474 561 2542 fiteatur
572 2479 728 2558 γυναικῶν
746 2477 946 2543 scribendum
959 2478 1052 2543 esse?
1094 2476 1137 2542 In
1151 2477 1226 2555 789,
1242 2474 1290 2563 ἐφ’
1307 2474 1415 2541 ἵππων
1428 2474 1524 2564 ὀχου-

322 2649 326 2657 .
431 2584 532 2669 μένων
552 2610 610 2673 pro
631 2585 680 2674 ἐφ’
702 2586 809 2653 ίππων
831 2586 987 2676 ὀχούμενοι
1009 2588 1162 2674 seriptum
1183 2587 1373 2654 sententiam
1394 2587 1524 2673 penitus

432 2698 556 2765 evertit.
600 2698 671 2765 Hoo
681 2700 749 2787 jam
763 2700 845 2767 vidit
858 2699 978 2778 Artior,
994 2722 1090 2786 quem
1106 2699 1310 2765 Hermannus
1325 2705 1450 2764 secutus
1464 2706 1523 2767 est.

433 2810 475 2878 Iu
498 2811 559 2878 791
582 2812 714 2898 pessime
735 2812 898 2878 turbatum
920 2816 968 2877 est
990 2810 1025 2877 iu
1047 2810 1151 2877 verbio
1174 2808 1208 2876 ἓν
1228 2807 1266 2892 δὴ
1288 2808 1457 2876 καὶτοῦτο
1480 2808 1527 2881 εἷς

432 2928 544 3012 ψυχῆς
556 2922 667 3013 μόριον
687 2924 807 3013 ἀρετῆς,
823 2924 908 3011 quod
926 2947 1020 2990 sensu
1036 2923 1169 3011 jubente
1187 2923 1408 3011 retingendum
1425 2923 1525 2988 estin

433 3036 466 3103 ἓν
490 3035 528 3119 δὴ
547 3036 601 3104 καὶ
620 3042 712 3104 τοῦτο
733 3037 777 3109 εἰς
797 3041 910 3126 φυχῆς
930 3035 1044 3125 άρπῆν
1061 3034 1180 3124 μύρων,
1200 3034 1258 3118 τῆν
1276 3039 1339 3101 τῶν
1357 3039 1525 3106 παντελῶς

432 3148 555 3215 παίδων
577 3148 793 3233 γυμναστικὴν
817 3148 851 3214 ε’ν
872 3151 941 3218 τοῖς
966 3145 1111 3228 κινήσεσι
1133 3172 1216 3212 κ.τ.ε.
1268 3147 1312 3212 In
1336 3148 1410 3227 793,
1434 3145 1528 3212 ἄλλα

433 3260 487 3346 ὑφ’
511 3259 631 3349 ἑτέρων,
653 3285 711 3348 pro
733 3261 818 3327 ἄλλο
839 3260 890 3345 ἐφ’
911 3257 1005 3346 ἑτέρῳ
1028 3258 1192 3324 dederrmt.
1237 3259 1302 3333 Qui
1320 3258 1526 3325 librariorum

432 3372 646 3458 ignorantiam
654 3352 788 3458 xquidem
801 3394 866 3437 non
880 3376 1009 3456 negant,
1022 3370 1077 3435 sed
1090 3369 1186 3462 fidem
1199 3351 1526 3457 praedicatam

338 3469 341 3476 ¹
431 3481 513 3546 mihi
526 3481 643 3548 facient
657 3482 685 3548 si
698 3482 733 3547 in
746 3481 815 3549 looo
828 3504 923 3568 quem
936 3503 1023 3546 nuno
1037 3502 1194 3566 apponam
1210 3479 1253 3566 (p.
1267 3480 1343 3566 795)
1360 3480 1524 3566 explicare

431 3592 590 3660 voluerint
602 3594 687 3661 unde
696 3600 770 3681 'orta
783 3593 825 3659 sit
838 3591 1077 3679 participiorum
1090 3591 1285 3677 aliorumque
1298 3591 1527 3680 vocabulorum

432 3712 499 3769 tam
517 3705 651 3771 mirifica
669 3705 872 3792 perturbatio.
917 3702 967 3769 Τά
987 3701 1020 3768 δὲ
1038 3701 1212 3786 μαθήματά
1230 3729 1294 3768 που
1311 3701 1412 3782 διττά,
1428 3701 1472 3774 ὥς
1490 3701 1525 3786 ιγ’

432 3813 533 3881 εἰπεῖν
548 3815 735 3904 χρήσασθαι
751 3817 835 3903 (lege
849 3814 890 3886 ὥς
902 3840 940 3897 γε
956 3818 1040 3880 πᾶσι
1057 3813 1258 3903 χρήσασθαι)
1280 3815 1450 3898 ξυμβαῖνοι
1469 3812 1523 3894 άν,

431 3927 473 3992 τὰ
494 3926 807 4012 μὲν-γυμναστικῆς
831 3926 872 3993 τδ
892 3925 927 3992 δὲ
947 3978 955 3994 .
978 3974 986 3991 .
1007 3930 1169 4010 μουσικῆς.
1218 3925 1268 3992 Τὰ
1291 3924 1325 3991 δὲ
1346 3949 1527 4008 ’γυμναστι-

433 4045 488 4124 κῆς
509 4040 550 4106 αὖ
571 4038 634 4120 δύο,
658 4040 695 4106 τὸ
715 4039 773 4123 μὲν
794 4040 935 4128 ὄρχησις,
955 4037 993 4105 τὸ
1016 4037 1050 4105 δὲ
1068 4038 1169 4120 πάλη.
1213 4040 1278 4121 Τῆς
1300 4036 1462 4126 ὀρχήσεως
1487 4035 1527 4104 δὲ

433 4150 519 4234 άλλη
542 4151 575 4237 (l.
596 4149 693 4238 ἄλλο)
718 4149 776 4234 μὲν
796 4148 932 4231 Μούσης
951 4147 1040 4232 λέξιν
1059 4147 1256 4232 μιμουμένων
1278 4148 1316 4235 [f.
1338 4148 1401 4235 ov],
1424 4147 1463 4214 τὸ
1486 4148 1527 4214 τὲ

432 4260 672 4351 μεγαλοπρεπὲς
700 4259 952 4349 φυλάττον[τας]
986 4258 1053 4343 ἅμα
1081 4257 1135 4324 καὶ
1163 4257 1334 4347 ἐλεύθερον,
1360 4256 1449 4338 άλλη
1480 4258 1520 4342 (l.

433 4373 530 4461 ἄλλο)
561 4373 595 4439 δὲ
623 4372 742 4457 εύεξίας
767 4420 775 4438 .
807 4419 815 4437 .
843 4371 932 4437 ἕνεκα
961 4370 1016 4436 καὶ
1044 4370 1184 4441 κάλλους
1213 4418 1221 4435 .
1253 4419 1261 4435 .
1293 4368 1329 4437 τὸ
1357 4375 1529 4458 προσῆκον

433 4490 560 4568 καμπῆς
581 4511 617 4550 τε
637 4484 691 4551 καὶ
714 4483 879 4563 ἐκτάσεως,
903 4487 959 4570 (so.
981 4481 1155 4569 φυλάττον)
1183 4481 1269 4570 [καὶ]
1297 4479 1530 4564 ἀποδιδομένης

433 4597 578 4668 ἑκάστοις
591 4597 695 4667 α’ύτοῑς
709 4597 811 4663 αὐτῶν
821 4594 974 4683 εὐρύθμου
983 4594 1133 4676 κινήσεως
1147 4620 1232 4661 κ.τ.ε.
1270 4597 1356 4661 Loco
1366 4593 1531 4681 defungar

432 4711 488 4799 qui
502 4710 581 4796 inp.
599 4711 661 4776 802
676 4709 720 4776 aio
734 4708 860 4796 legitur.
906 4712 999 4773 πᾶσα
1012 4706 1038 4773 δ’
1053 4705 1188 4778 άτακτύς
1205 4733 1242 4790 ’γε
1262 4707 1353 4790 τάξιν
1369 4707 1529 4786 λαβοῦσα
