3850 5700
453 840 476 888 X
709 842 753 889 DE
775 843 930 889 anamma
952 842 1091 889 LEGIBUS
1112 842 1276 889 talaiam.

317 1108 320 1114 .
453 1018 559 1102 πάντη
583 1017 714 1088 dixisset
736 1043 794 1108 pro
819 1020 853 1085 ἐν
875 1019 1018 1091 ἁπάσαις
1040 1022 1109 1089 τοίς
1133 1016 1258 1089 ἄλλαις.
1302 1017 1418 1105 Itaque
1439 1018 1550 1085 deleto

454 1130 517 1211 καί,
532 1130 637 1213 πάντη
655 1132 691 1198 in
709 1130 816 1197 πάντα
833 1138 932 1198 mute.
978 1130 1023 1197 Τδ
1042 1128 1148 1218 τρίτον
1162 1130 1317 1217 glossema
1335 1152 1402 1195 esse
1419 1152 1460 1195 ex
1477 1130 1551 1196 loeo

454 1246 567 1327 alieno,
582 1244 617 1311 in
636 1270 731 1333 quem
749 1247 912 1313 inveetum
930 1252 988 1326 est,
1003 1253 1143 1334 apparet.
1187 1245 1252 1310 Pro
1271 1241 1325 1309 καί
1339 1243 1404 1313 τοίς
1417 1241 1552 1329 ῥυθμοῖς

451 1357 642 1445 jampridem
655 1358 765 1424 monui
779 1356 833 1424 καί
846 1356 962 1445 τρίτοις
978 1357 1107 1444 ῥυθμοῖς
1120 1347 1329 1424 seribendum.

314 1556 318 1563 ᾖ
498 1467 817 1537 Infraseribendum:
837 1466 967 1549 ποιηταὶ
982 1467 1008 1533 δ’
1018 1466 1209 1556 ἀνθρώπινοι
1223 1465 1348 1554 σφόδρα
1361 1464 1403 1531 τδ
1416 1468 1552 1531 τοιαῦτα

454 1579 689 1665 συμπλέκοντες
708 1577 762 1645 καί
782 1582 998 1663 συγκυκῶντες
1017 1576 1141 1662 didym
1161 1576 1273 1661 ’γέλωτ’
1288 1577 1329 1643 ἂν
1343 1576 1550 1665 παραστιευύ-

456 1694 534 1775 ζοιευ
556 1692 647 1780 (τοῖς)
668 1694 731 1758 τῶν
750 1690 925 1781 ἀνθρώπων
945 1691 1039 1762 ὅσους
1060 1690 1160 1779 φησὶν
1172 1689 1308 1779 Ὀρφεύς
1328 1692 1443 1778 λαχεῖν
1463 1686 1553 1776 ὥραν

455 1808 512 1886 τῆς
524 1800 656 1891 τέρψιος
669 1802 770 1869 ταῦτά
783 1802 811 1869 θ
826 1802 925 1892 ὁρῶσι
938 1802 1045 1870 πάντα
1059 1801 1229 1886 κυιιύμευα,
1244 1800 1298 1866 καὶ
1311 1800 1341 1867 εἰ
1358 1826 1390 1866 τι
1404 1800 1550 1866 διασπῶ·

456 1938 510 1980 σιν
533 1912 565 1979 οἰ
587 1913 725 1995 ποιηταί,
748 1914 832 1981 καὶ.
883 1916 973 1995 Mox,
996 1915 1060 1981 nisi
1084 1914 1187 1993 fallor,
1212 1912 1402 2001 legendum:
1426 1910 1552 1978 ὅποσον

454 2024 574 2115 τύχους
599 2050 636 2091 τε
663 2025 716 2093 eat
744 2023 919 2098 ἀπταισίας
947 2031 1052 2114 φωνῆς
1080 2024 1248 2115 θηριώδους
1276 2023 1393 2107 (οὕτω)
1421 2021 1552 2111 σφόδρα

456 2137 588 2227 ἐφίεται.

499 2250 572 2317 670.
616 2250 687 2317 ὅσοι
705 2248 876 2340 προσᾴδειν
890 2248 1060 2316 αὐτῶνκαὶ
1078 2247 1202 2328 βαίνειν
1219 2248 1252 2314 ε’ν
1270 2246 1379 2336 ῥυθμῶ
1398 2244 1551 2330 γεγόνασι

455 2360 724 2447 δυηναγκασμένοι.
764 2364 845 2443 Imo,
857 2360 1029 2451 προσᾴδειν
1042 2362 1131 2450 αὐλῷ
1140 2368 1173 2428 et
1187 2358 1364 2444 ἐγνώκασι,·
1386 2360 1447 2425 hoe
1461 2359 1551 2425 enim

455 2472 561 2561 potius
577 2497 674 2560 qaam
691 2471 880 2540 ἐπίστανται
893 2474 946 2541 vel
964 2472 1168 2557 μεμάθηιιασι
1187 2472 1342 2552 adhibuit,
1357 2472 1433 2558 quia
1451 2479 1551 2559 supra

455 2582 641 2667 γιγνώσκειν
653 2583 788 2649 dixerat.

499 2694 573 2761 671.
616 2693 694 2782 ὅπερ
708 2692 885 2778 ὑπεθέμεθα
902 2692 972 2759 κατ’
986 2692 1090 2782 ἀρχὰς
1108 2693 1279 2776 ἆναγιταίον
1292 2691 1370 2759 εἰναι
1382 2692 1553 2777 γίγνεσθαι

457 2805 531 2896 περὶ
550 2809 613 2874 τῶν
632 2810 687 2876 νῦν
698 2807 896 2892 γιγνομένου.
939 2807 1093 2874 Graeaitas
1106 2808 1245 2896 postulat
1259 2806 1330 2875 ἐπίε
1353 2808 1438 2896 quod
1451 2833 1552 2897 quam

456 2942 539 3008 eoepe
564 2943 637 2987 eum
661 2921 760 2988 altero
783 2919 996 2987 confundatur
1019 2920 1080 2986 tibi
1104 2920 1233 3007 quidem
1255 2921 1456 2987 notissimum
1478 2931 1551 3004 est3

456 3054 567 3099 verum
581 3032 641 3099 hoe
654 3055 732 3119 eape
745 3032 952 3098 novissimum
966 3031 1147 3119 exemplum
1161 3055 1179 3097 e
1192 3031 1261 3098 loeo
1275 3031 1332 3118 qui
1350 3033 1458 3119 paullo
1473 3043 1552 3101 ante

455 3144 593 3232 legitur:
624 3143 697 3223 670,
712 3144 751 3208 E.
766 3141 862 3231 μέχρι
876 3141 910 3208 δὲ
923 3140 1076 3209 τοσούτου
1090 3140 1305 3213 παιδευθέντες
1318 3142 1553 3233 ἀκριβεστέραν

456 3254 497 3320 ἂν
519 3251 665 3319 παιδείαν
688 3256 745 3335 τῆς
769 3253 824 3319 ἐπὶ
846 3253 883 3319 va
903 3253 1028 3335 πλῆθος
1050 3251 1206 3342 φερούσης
1228 3252 1288 3319 εἰεν
1308 3279 1553 3344 μεταιοεχειρισ-

456 3364 543 3449 μένοι
563 3362 618 3430 ιιαί
636 3368 691 3446 τῆς
710 3361 785 3452 περὶ
805 3362 877 3435 τοὺς
897 3362 1031 3445 ποιητὰς
1049 3363 1183 3441 αὐτούςς
1205 3371 1276 3430 tum
1292 3365 1483 3450 γιγνομένων
1498 3368 1552 3433 in.

456 3476 533 3544 vitis
550 3474 641 3542 libris
657 3481 690 3541 et
707 3474 854 3554 Eusebio,
869 3475 999 3540 Astium
1018 3483 1142 3541 secutus
1160 3477 1197 3541 in
1215 3476 1392 3562 λεγομὲνων
1411 3479 1554 3546 libenter

456 3589 655 3668 mutaverim,
675 3588 711 3654 id
729 3587 813 3675 quod
832 3586 1037 3654 Hermannue
1057 3587 1143 3667 feeit,
1163 3589 1219 3654 sed
1236 3595 1274 3655 ut
1295 3613 1336 3655 ex
1356 3590 1554 3658 meatione

457 3705 598 3786 apparet,
619 3698 748 3780 invitm.
792 3699 885 3765 Infra
906 3723 966 3787 pro
989 3696 1025 3764 δυ
1046 3697 1123 3765 αἰδῶ
1148 3723 1185 3765 τε
1207 3699 1261 3767 καί
1285 3699 1442 3789 αἰσχύνην
1466 3700 1554 3768 θεῖον

458 3808 562 3898 φόβον
575 3810 786 3895 ὠνομάκαμεν,
800 3812 878 3878 olim
891 3812 1002 3880 monui
1015 3810 1169 3900 αἰσχύνης
1182 3812 1353 3901 legendum
1366 3835 1442 3882 essa.
1484 3813 1554 3881 Sed

457 3944 615 4010 nusquam
630 3924 715 4009 quod
733 3921 830 3989 seiam
846 3923 994 3990 timorem
1012 3923 1105 3988 illum
1120 3923 1202 3989 θεῖον
1214 3924 1395 4011 appellavit.
1440 3924 1554 3999 Quare

457 4036 552 4102 hodie
566 4040 689 4101 retento
702 4031 866 4121 αἰσχύνην,
883 4032 966 4098 θείον
980 4032 1092 4120 φόβον,
1107 4035 1330 4121 expellendum
1343 4059 1463 4102 censeo.

500 4148 574 4219 672.
618 4147 725 4212 Verba
744 4151 799 4227 τῆς
813 4149 930 4233 ψυχῆς
948 4150 1006 4227 τῆν
1024 4143 1151 4228 ιγνώμην
1168 4147 1363 4232 interprete
1381 4148 1438 4235 qui
1456 4149 1549 4215 velit.

456 4256 626 4326 Neminem
649 4280 791 4344 unquam
812 4279 850 4323 ea
872 4257 1109 4324 intellecturum
1131 4280 1197 4323 esse
1223 4280 1407 4344 persuasum
1435 4258 1549 4326 habeo.

456 4369 492 4437 si
519 4369 669 4436 hariolan‘
696 4368 815 4449 liceret,
843 4376 967 4456 partem
996 4369 1108 4436 scholii
1135 4369 1232 4435 fuime
1258 4370 1457 4459 eonjieerem,
1482 4395 1552 4457 quo

455 4481 616 4568 allegoria,
640 4503 737 4568 quam
751 4481 796 4573 in
818 4481 880 4547 hae
903 4481 945 4548 de
972 4482 1099 4548 Baeche
1121 4481 1230 4548 fabula
1253 4483 1353 4549 istem
1377 4482 1549 4570 putabant,

455 4591 684 4679 explicabatu.
720 4591 770 4658 ef.
787 4591 1049 4680 Olympiodorum
1062 4593 1196 4661 citatum
1210 4619 1231 4661 a
1240 4592 1492 4681 W'yttenbaehio
1506 4596 1552 4659 ad

453 4700 655 4782 Phaedonem
677 4703 695 4787 ᾖ
724 4704 774 4767 16.
819 4702 899 4767 Mox
923 4704 959 4769 in
984 4703 1052 4770 loeo
1073 4727 1165 4790 paene
1189 4705 1385 4789 eonelamato
1407 4707 1482 4772 vide
1504 4686 1553 4772 aa
