3850 5700
477 1610 838 1699 ΠΛΑΤΩΝΟΣ
869 1608 1279 1701 ΣῬΜΠΟΣΙΟΝ.

800 1837 952 1847 ----

552 1975 605 2031 ΤΑ
632 1972 717 2031 TOY
737 1972 957 2031 ΔΙΑΛΟΓΟΤ
979 1972 1207 2031 ΠΡΟΣΩΠΑ·

404 2112 756 2194 ΑΠΟΛΛΟΔΩΡΟΣ,
791 2113 984 2182 ΕΤΑΙΡΟΣ
1011 2112 1349 2182 ΑΠΟΔΛΟΔΩΡΟΥ.

230 2561 286 2607 ιιν
403 2540 425 2607 Ι.
453 2543 466 2564 ·’
479 2540 572 2630 Δοκά
598 2564 651 2631 μοι
677 2539 748 2634 περὶ
771 2527 812 2609 ὧν
839 2533 1026 2609 πυνθάνεοθ’
1043 2534 1108 2610 ου’κ
1131 2534 1334 2631 ἀμελέτητος
1361 2534 1478 2608 εἶναιο

297 2662 444 2761 καὶγὰρ
471 2662 647 2759 ἐτύγχανον
668 2661 778 2766 πρωίην
804 2667 849 2751 είς
876 2662 966 2737 άστυ
991 2668 1109 2738 οἴκοθεν
1136 2662 1233 2738 άνιων
1253 2662 1452 2762 Φαληρόθεν.

298 2799 364 2866 τῶν
385 2783 439 2865 οὖν
456 2796 620 2891 γνωρίμων
638 2821 687 2881 τις
704 2791 813 2868 όπισθε
832 2790 975 2867 κατιδών
994 2821 1033 2887 με
1051 2790 1207 2892 πόρρωθεν
1226 2790 1374 2884 ἐκάλεσε,
1393 2794 1455 2866 καὶ

299 2924 422 3008 παίζων
442 2920 516 3014 ἅμα
532 2926 576 3017 τῇ
594 2919 726 3016 κλήσει,
749 2919 792 2993 ‘0
809 2919 1002 3019 Φαληρεύς,
1031 2927 1113 3019 ἐφη,
1140 2913 1234 3007 οὗτος
1249 2919 1453 3015 Ἀπολλόδω·

299 3077 370 3147 ρος,
398 3048 433 3123 οό
456 3060 647 3147 περιμενείς;
685 3047 788 3145 Κάγώ
818 3048 956 3136 ἐπιστάς
982 3056 1173 3147 περιέμεινα
1228 3052 1296 3123 Καὶ
1321 3048 1375 3139 ός,
1404 3041 1454 3120 ³0

295 3175 538 3275 Ἀπολλόδωρε,
566 3182 647 3273 ἔφη,
674 3181 734 3252 καὶ
761 3176 824 3273 μην
853 3181 911 3251 καὶ
939 3176 1076 3273 ἐναγχός
1101 3205 1138 3251 σε
1163 3175 1315 3271 ἐζήτουν,
1342 3175 1454 3272 βουλό-

299 3333 394 3401 μενος
408 3309 619 3380 διαπυθέσθαι
634 3305 694 3401 την
710 3304 895 3402 Ἀγάθωνος
913 3308 1085 3395 ξυνουσίαν
1101 3309 1161 3379 καὶ
1176 3303 1377 3404 Σωκράτους
1393 3308 1478 3379 καὶθ

296 3431 509 3535 Ἀλκιβιάδου
530 3436 590 3507 καὶ
612 3441 674 3508 τῶν
697 3434 804 3508 όίλλων
825 3442 888 3509 τῶν
909 3424 976 3508 τότ’
1004 3440 1037 3508 ἐν
1063 3443 1108 3535 τῷ
1131 3438 1246 3536 δείπνῳ
1273 3461 1453 3532 παραγενο

300 3569 401 3658 μένων
426 3564 584 3660 περὶτῶν
608 3566 766 3661 ἐρωτικῶν
789 3562 910 3658 λόγων,
936 3567 1020 3650 τίνες
1044 3557 1140 3657 ἦσαν.
1194 3561 1294 3650 ἄλλος
1313 3560 1378 3660 γάρ
1403 3566 1454 3650 τίς

300 3717 355 3785 μοι
374 3697 517 3785 διηγείτο
544 3688 700 3786 άκηκοός
715 3695 866 3783 Φοίνικος
892 3698 949 3765 τοῦ
968 3695 1152 3782 Φιλίππου,
1180 3696 1243 3789 ἐφη
1268 3694 1305 3764 δὲ
1332 3693 1391 3764 καὶ
1406 3693 1454 3763 -σὲ

299 3822 427 3892 εἰδέναι.
481 3816 570 3892 άλλά
589 3817 654 3916 γάρ
680 3817 773 3892 ου’δέν
800 3818 862 3915 εἶχε
887 3822 993 3918 σαφὲς
1011 3826 1124 3915 λέγειν.
1177 3818 1218 3894 σό
1237 3813 1292 3893 οὖν
1309 3846 1363 3913 μοι
1382 3815 1454 3912 διη·

299 3970 421 4043 γησοιι’
455 3944 667 4034 δικαιότατος
683 3945 749 4045 γάρ
771 3946 799 4021 εί
815 3946 894 4035 τοός
912 3955 970 4021 τοῦ
991 3952 1121 4046 ἑταίρου
1146 3946 1262 4043 λόγους
1284 3945 1453 4042 άπαγγέλ-

299 4080 376 4148 λειν.
430 4072 581 4172 πρότερον
599 4083 636 4150 δέ
652 4103 723 4171 μοι,
749 4069 772 4169 ἧ
790 4073 818 4148 δ’
838 4076 891 4165 ός,
919 4080 1006 4167 εἰπέ,
1034 4075 1074 4149 σθ
1094 4073 1195 4162 αότός
1210 4082 1388 4172 παρεγένου
1407 4078 1452 4170 τῇ

301 4206 459 4303 συνουσία
477 4201 588 4298 ταύτῃ
608 4201 632 4295 ἦ
650 4201 706 4289 οὕς
736 4201 839 4300 Κάγό
861 4203 967 4295 εἶπον,
993 4204 1044 4279 ότι
1061 4203 1281 4279 Παντάπασιν
1301 4208 1385 4276 ἐοικέ
1403 4229 1477 4276 σοιι

300 4328 394 4404 οόδέν
411 4335 594 4426 διηγεῖσθαι
608 4335 714 4430 σαφὲς
735 4329 750 4404 ὃ
773 4331 1000 4428 διηγούμενος,
1028 4337 1063 4406 εί·
1071 4335 1186 4407 νεωστὶ
1205 4330 1282 4445 ἡγεῖ
1298 4331 1360 4426 τήν
1379 4359 1453 4405 συν-

301 4462 415 4533 ουσίαν
431 4466 599 4556 γεγονέναι
615 4457 754 4553 ταύτην,
781 4459 822 4557 ἢν
839 4466 975 4562 ἐρωτηῖς,
1000 4459 1191 4563 ρστεὴκάμέ
1205 4465 1454 4558 παραγενέσθαι.

292 4584 432 4683 Ἔγωγ,
459 4592 533 4685 ἔφη.
587 4585 704 4678 Πόθεν,
731 4582 772 4683 ἧν
798 4586 826 4663 δ’
853 4589 934 4685 ε’γω,
962 4584 1183 4673 ὧΓλαόκωνς
1210 4587 1274 4664 οιίκ
1300 4586 1377 4664 οἶσθ’
1402 4588 1456 4664 ότι

300 4720 535 4824 Εῆῥνέτῷν
559 4713 707 4811 Ἀγάθων
728 4715 829 4790 ἐνθάδ’
850 4714 913 4791 οιόκ
930 4715 1182 4812 ἐπιδεδήμηκενς
1210 4714 1266 4815 ἀφ’
1286 4710 1323 4790 οό
1347 4713 1374 4788 δ’
1392 4714 1454 4810 ἐγω

301 4841 474 4942 Σωκράτει
493 4847 708 4941 συνδιατρίβω
724 4847 784 4918 καὶ
801 4848 948 4940 ἐπιμελὲς
968 4849 1150 4941 πεποίημαι
1168 4844 1315 4938 ἑκάστης
1330 4841 1460 4939 ἡμέρας

1246 4980 1266 5032 λ
