3850 5700
631 824 674 867 nu
695 822 850 869 rnirours
872 824 1011 870 inuisus
1032 824 1194 869 ursioni.
1407 804 1465 868 xix

374 998 511 1084 οἰώμεθα
525 1010 740 1087 corruperunt.
784 1000 968 1069 Tralatitius
982 1008 1030 1068 est
1047 1002 1219 1068 scribarum
1234 1026 1321 1068 error
1335 1011 1372 1068 ut
1390 1026 1461 1089 par·

375 1114 507 1182 tioulam
525 1119 704 1199 negantem,
725 1114 900 1199 praesertim
918 1113 975 1180 ubi
993 1114 1159 1180 artificiose
1177 1105 1354 1192 adhibeturi
1370 1114 1462 1180 omit

373 1231 455 1289 tant.
499 1223 541 1288 In
557 1224 619 1289 742
634 1225 675 1289 ad
688 1227 770 1290 med.
786 1226 942 1313 legImus:
966 1224 1036 1291 ἔστι
1055 1224 1081 1291 δ’
1096 1224 1113 1290 6
1129 1224 1187 1310 μὲν
1203 1223 1321 1308 ὅυγαθὸς
1337 1222 1463 1299 τούτων,

375 1334 393 1398 6
408 1331 434 1398 δ’
450 1333 486 1399 οὐ
499 1332 601 1413 κακὸς,
613 1332 690 1400 ὅταν
704 1333 724 1419 ᾗ
738 1334 901 1422 φειδωλός·
916 1334 989 1402 τότε
1002 1335 1036 1401 δέ
1049 1363 1128 1402 ποτε
1142 1336 1196 1402 καὶ
1209 1336 1381 1419 παγκακος.
1412 1337 1463 1402 Tu

374 1448 433 1533 qui
450 1445 532 1512 looos
550 1448 740 1535 memineris,
756 1448 883 1533 qualem
901 1448 936 1512 in
955 1447 1080 1513 Helena
1093 1472 1124 1515 v.
1141 1450 1203 1513 652
1221 1448 1366 1536 legimus,
1382 1445 1464 1512 δυεῖν

374 1556 437 1645 γὰρ
458 1557 560 1624 ὄντοιν
578 1558 639 1648 οὐχ
660 1558 676 1623 6
695 1558 753 1643 μὲν
771 1557 930 1643 τλήμωνὸ
950 1558 976 1624 δ’
991 1559 1158 1626 orl-nullo
1178 1560 1306 1647 negotio
1320 1559 1464 1626 Platonis

374 1692 506 1735 manum
519 1670 555 1735 in
573 1671 623 1736 his
646 1694 813 1758 agnosces:
837 1671 907 1736 ἔστι
926 1669 969 1750 δὲ,
986 1671 1047 1760 οὐχ
1065 1670 1092 1761 ὁ,
1100 1670 1158 1754 μὲν
1174 1671 1292 1755 ὀνγοθὸς
1310 1670 1428 1738 τούτων
1447 1670 1464 1734 6

373 1780 399 1847 δ’
415 1781 463 1847 οὔ·
486 1780 580 1852 κακὸς
594 1779 620 1846 δ’
635 1781 711 1848 ὅταν
723 1781 743 1867 ἦ
758 1780 918 1869 φειδωλός,
934 1782 1011 1848 ὅταν
1024 1781 1125 1866 δὲμὴ,
1140 1782 1212 1848 τότε
1225 1783 1279 1849 καὶ
1292 1809 1464 1866 amymonas.

373 1892 417 1958 In
438 1894 571 1960 Philebo
594 1895 645 1974 14,
668 1895 755 1960 aliud
776 1917 874 1980 agens
895 1894 1085 1961 sententiam
1106 1894 1221 1980 reliqui
1242 1894 1369 1960 sibimet
1389 1917 1463 1960 oon·

374 2005 601 2071 tmdioentem:
635 2004 668 2071 ἓν
691 2004 753 2094 γὰρ
779 2003 816 2087 δὴ
841 2004 883 2071 τὰ
909 2004 1020 2071 πολλὰ
1044 2003 1201 2070 εἶναικαὶ
1225 2004 1262 2071 τὸ
1287 2004 1320 2071 ἓν
1344 2003 1464 2079 πολλὰ,

373 2116 558 2200 θαυμαστὸν
566 2116 689 2207 λεχθέν,
702 2116 755 2184 καί
768 2116 875 2207 ῥᾴδιον
885 2118 1135 2205 ἀμφισβητῆσαι
1148 2122 1194 2205 τῷ
1207 2116 1325 2184 τούτων
1336 2117 1466 2206 ὁποτερ-

372 2234 463 2296 ονοῦν
476 2229 633 2315 τιθεμένῳ.
676 2231 751 2298 Non
765 2231 993 2319 negligendum
1009 2232 1094 2317 quod
1113 2231 1324 2297 Ooislinianns
1343 2230 1464 2317 ἀμφια-

371 2342 516 2424 βητῆσαι
526 2342 678 2410 6vhabet.
716 2345 813 2429 Lege,
826 2342 879 2408 καὶ
893 2343 930 2408 οὐ
942 2341 1051 2431 ῥᾴδιον
1060 2342 1090 2407 ἆ.
1101 2342 1143 2408 οὖ
1156 2342 1238 2408 νοτε.
1271 2342 1313 2409 In
1324 2342 1465 2429 Hyperi·

373 2454 424 2518 dis
438 2456 618 2542 Epitaphio,
632 2456 705 2534 200,
718 2454 805 2537 οἶμαι
819 2453 920 2520 δὲκαὶ
934 2453 1005 2525 τοὺς
1020 2453 1077 2536 τὴν
1087 2452 1165 2542 πρὸς
1179 2453 1341 2537 ἀλλήλους
1355 2450 1467 2541 φιλίαν

373 2566 420 2651 τῷ
447 2563 534 2652 δήμῳ
561 2564 762 2645 βεβαιότατα
791 2564 1026 2649 ἐνδειξαμένους,
1050 2566 1135 2649 λέγω
1164 2564 1190 2631 δ’
1218 2545 1386 2653 Ἃρμθδιον
1414 2564 1468 2630 καὶ

370 2674 635 2763 Ἀριστογείτονα,
659 2675 907 2748 ΟΤΘΕΝΟΤΣ
932 2678 1029 2749 οὕτως
1049 2679 1155 2749 αὑτοῖς
1178 2674 1467 2749 οἰκειΟΤΕΡΟΥΣ

374 2787 446 2869 ὑμῖν
460 2787 538 2855 εἶναι
551 2787 682 2874 νομίζειν
696 2790 738 2861 ὡς
754 2788 1157 2878 [tractim—legendum:
1181 2786 1275 2855 οὐδέν’
1291 2786 1356 2855 οὔθ
1371 2788 1468 2861 οὕτως

374 2902 480 2972 αὑτοῖς
500 2901 629 2973 οἰκείους
648 2901 713 2968 οὔθ
731 2903 803 2986 ὑμῖν
822 2901 901 2968 είναι
922 2901 1063 2986 νομίζειν.
1106 2903 1206 2968 Vides
1228 2901 1352 2967 nullam
1374 2926 1394 2967 a
1416 2925 1468 2968 me

374 3011 492 3078 factam
520 3037 585 3078 esse
617 3015 826 3081 mutationem
854 3037 935 3100 quae
969 3013 1228 3100 Palaeographiae
1263 3013 1374 3100 peritis
1402 3036 1468 3078 non

373 3123 520 3190 videatur
541 3124 700 3192 facillima.
745 3127 831 3193 Nam
847 3135 881 3192 et
902 3127 931 3191 Θ
954 3149 1028 3192 oum
1047 3125 1073 3191 0
1095 3131 1128 3190 et
1148 3131 1319 3210 utrumque
1340 3147 1413 3190 oum
1435 3126 1467 3190 Ε

375 3235 527 3301 confundi
541 3237 612 3324 quis
626 3238 780 3324 ignorat?
822 3239 872 3303 De
886 3237 1069 3304 confusione
1083 3237 1249 3302 literarum
1265 3237 1292 3300 Y
1306 3243 1339 3302 et
1358 3237 1389 3301 Τ
1408 3260 1469 3324 ego

375 3370 475 3433 pauca
500 3348 541 3412 ad
565 3348 639 3434 Iph.
666 3348 771 3428 Taum,
795 3331 931 3414 (lobetus
950 3348 1054 3414 multa
1076 3356 1109 3413 et
1134 3347 1292 3434 exquisita
1314 3347 1350 3412 in
1372 3348 1467 3414 Varr.

375 3457 477 3523 Leon.
502 3459 645 3525 adduxit.
699 3460 741 3524 In
763 3460 826 3525 736
848 3459 1037 3546 legendum:
1069 3457 1110 3523 'nl
1131 3448 1157 3523 δ’
1181 3457 1469 3546 (ἀπο)νεμομε’νους,

373 3568 459 3633 utin
475 3570 548 3649 739,
563 3549 797 3653 ἀπονείμοοθαι
811 3569 847 3636 τὸ
862 3568 958 3657 φίλον
971 3570 1066 3657 αὐτῷ.
1110 3571 1152 3636 Ιιι
1168 3571 1242 3652 739,
1255 3572 1360 3637 looum
1373 3595 1469 3658 quem

373 3679 557 3748 lacunosum
571 3706 637 3748 esse
651 3683 788 3749 arbitror
804 3706 878 3749 oum
895 3682 1011 3749 debitis
1031 3683 1258 3770 supplementis
1272 3685 1467 3750 describam:

374 3790 428 3857 καὶ
442 3790 524 3857 κατὰ
537 3790 667 3875 δύναμιν
681 3790 791 3862 οἵτινες
805 3790 893 3876 νόμοι
907 3791 984 3877 μίαν
997 3791 1046 3859 ὅτι
1059 3792 1206 3876 μάλιστα
1219 3793 1317 3860 πόλιν
1329 3794 1471 3882 ἀπεργά-

374 3903 477 3982 ζονται
494 3903 697 3988 (ζητοῦντας),
713 3902 832 3970 τούτων
846 3905 1031 3992 ὑπερβολῆς
1048 3902 1128 3992 πρὸς
1147 3904 1262 3993 ἅρετην
1275 3904 1374 3976 οὐδείς
1393 3906 1468 3972 ποθ’

373 4012 446 4100 ὅρον
466 4012 569 4079 ἄλλον
590 4013 715 4098 θέμενος
736 4013 901 4103 ὀρθότερον
922 4013 993 4081 οὐδὲ
1014 4013 1136 4094 βελτίω
1160 4014 1303 4098 θήσεται.
1347 4017 1395 4082 Εἰ
1411 4016 1470 4100 μὲν

372 4124 411 4209 δὴ
426 4125 553 4208 τοιαύτη
567 4125 662 4197 πόλις
677 4127 748 4193 ἔστι
761 4154 833 4219 τον,
850 4126 915 4193 θεοὶ
929 4127 956 4192 δ’
972 4127 994 4210 ἢ
1007 4125 1117 4198 παῖδες
1132 4127 1210 4194 θεῶν
1223 4129 1307 4195 κ.τ.έ.

418 4238 490 4305 679.
534 4238 610 4304 ὅσοι
632 4237 670 4321 δὴ
693 4239 775 4305 κατὰ
797 4239 895 4305 πόλιν
916 4237 1012 4322 μόνον
1036 4239 1134 4305 αὐτοῦ
1158 4237 1242 4305 δίκαι
1263 4240 1317 4305 καὶ
1338 4265 1471 4311 στοσεις

371 4348 534 4434 λεγόμενα,
552 4351 659 4435 λέγοις
681 4350 782 4440 ἔργοις
803 4378 838 4418 τε
858 4351 1117 4441 μεμηχανημένοι
1138 4352 1248 4423 πάσας
1270 4379 1470 4442 marae-0

373 4463 417 4529 In
431 4473 577 4552 corrupto
591 4492 783 4550 μονοναντου
793 4467 1000 4555 quaerendum
1014 4473 1061 4532 est
1076 4466 1198 4553 aliquid
1208 4468 1294 4552 quod
1307 4469 1349 4533 ad
1362 4465 1470 4549 λέγοις

373 4572 476 4661 ἔργοις
489 4602 524 4641 τε
537 4579 742 4664 respondeat:
765 4579 873 4665 itaque
887 4577 1032 4665 vestigiis
1050 4578 1216 4644 literarum
1234 4579 1383 4646 insistens
1397 4581 1470 4665 lego

372 4685 511 4770 ὀνόματα
556 4690 742 4756 Memineris
762 4714 871 4756 vocem
893 4690 990 4756 αὐτοῦ
1011 4691 1057 4756 ita
1071 4714 1153 4778 saepe
1174 4691 1270 4757 scribi
1292 4701 1329 4758 ut
1348 4691 1469 4778 syllaba
1535 4752 1538 4757 ⁴
