<?xml version="1.0" encoding="UTF-8"?>
<!DOCTYPE html PUBLIC "-//W3C//DTD XHTML 1.0 Transitional//EN"
    "http://www.w3.org/TR/xhtml1/DTD/xhtml1-transitional.dtd">
<html xmlns="http://www.w3.org/1999/xhtml" xml:lang="en" lang="en">
 <head>
  <title>
</title>
<meta http-equiv="Content-Type" content="text/html;charset=utf-8" />
  <meta name='ocr-system' content='tesseract 3.04.00' />
  <meta name='ocr-capabilities' content='ocr_page ocr_carea ocr_par ocr_line ocrx_word'/>
</head>
<body>
  <div class='ocr_page' id='page_1' title='image "./platonisconvivi00platgoog_0023.png"; bbox 0 0 3850 5700; ppageno 0'>
   <div class='ocr_carea' id='block_1_1' title="bbox 636 786 1488 856">
    <p class='ocr_par' dir='ltr' id='par_1_1' title="bbox 636 786 1488 856">
     <span class='ocr_line' id='line_1_1' title="bbox 636 786 1488 856; baseline 0.005 -6"><span class='ocrx_word' id='word_1_1' title='bbox 636 804 680 850; x_wconf 84' lang='lat' dir='ltr'><strong>nr</strong></span> <span class='ocrx_word' id='word_1_2' title='bbox 700 804 858 852; x_wconf 78' lang='lat' dir='ltr'><strong>rnsrorua</strong></span> <span class='ocrx_word' id='word_1_3' title='bbox 880 804 1022 852; x_wconf 83' lang='lat' dir='ltr'><strong>nnornus</strong></span> <span class='ocrx_word' id='word_1_4' title='bbox 1043 804 1207 856; x_wconf 72' lang='lat' dir='ltr'><strong>murone.</strong></span> <span class='ocrx_word' id='word_1_5' title='bbox 1450 786 1488 854; x_wconf 90' lang='lat' dir='ltr'><strong>iii</strong></span> 
     </span>
    </p>
   </div>
   <div class='ocr_carea' id='block_1_2' title="bbox 377 980 1531 3417">
    <p class='ocr_par' dir='ltr' id='par_1_2' title="bbox 380 980 1531 3193">
     <span class='ocr_line' id='line_1_2' title="bbox 384 980 1484 1072; baseline 0.001 -22"><span class='ocrx_word' id='word_1_6' title='bbox 384 980 552 1062; x_wconf 87' lang='lat' dir='ltr'><strong>soribebat,</strong></span> <span class='ocrx_word' id='word_1_7' title='bbox 582 1006 683 1069; x_wconf 87' lang='lat' dir='ltr'><strong>quum</strong></span> <span class='ocrx_word' id='word_1_8' title='bbox 715 991 773 1055; x_wconf 86' lang='lat' dir='ltr'><strong>aut</strong></span> <span class='ocrx_word' id='word_1_9' title='bbox 801 983 955 1072; x_wconf 83' lang='lat' dir='ltr'><strong>siglarum</strong></span> <span class='ocrx_word' id='word_1_10' title='bbox 983 983 1050 1052; x_wconf 83' lang='lat' dir='ltr'><strong>rim</strong></span> <span class='ocrx_word' id='word_1_11' title='bbox 1083 984 1256 1072; x_wconf 75' lang='lat' dir='ltr'><strong>ignoraret,</strong></span> <span class='ocrx_word' id='word_1_12' title='bbox 1286 990 1343 1052; x_wconf 90' lang='lat' dir='ltr'><strong>aut</strong></span> <span class='ocrx_word' id='word_1_13' title='bbox 1370 984 1484 1051; x_wconf 86' lang='lat' dir='ltr'><strong>duetus</strong></span> 
     </span>
     <span class='ocr_line' id='line_1_3' title="bbox 385 1094 1485 1185; baseline 0.005 -26"><span class='ocrx_word' id='word_1_14' title='bbox 385 1115 452 1160; x_wconf 89' lang='lat' dir='ltr'><strong>non</strong></span> <span class='ocrx_word' id='word_1_15' title='bbox 468 1094 669 1175; x_wconf 86' lang='lat' dir='ltr'><strong>disoerneret,</strong></span> <span class='ocrx_word' id='word_1_16' title='bbox 684 1095 855 1183; x_wconf 68' lang='lat' dir='ltr'><strong>sepissime</strong></span> <span class='ocrx_word' id='word_1_17' title='bbox 871 1095 983 1162; x_wconf 87' lang='lat' dir='ltr'><strong>finales</strong></span> <span class='ocrx_word' id='word_1_18' title='bbox 1000 1096 1139 1184; x_wconf 80' lang='lat' dir='ltr'><strong>syllabas</strong></span> <span class='ocrx_word' id='word_1_19' title='bbox 1157 1095 1340 1185; x_wconf 82' lang='lat' dir='ltr'><strong>exoogitere</strong></span> <span class='ocrx_word' id='word_1_20' title='bbox 1359 1103 1485 1179; x_wconf 86' lang='lat' dir='ltr'><strong>ooaotus</strong></span> 
     </span>
     <span class='ocr_line' id='line_1_4' title="bbox 384 1204 1485 1296; baseline 0.003 -25"><span class='ocrx_word' id='word_1_21' title='bbox 384 1204 438 1272; x_wconf 92' lang='lat' dir='ltr'><strong>sit.</strong></span> <span class='ocrx_word' id='word_1_22' title='bbox 482 1206 554 1273; x_wconf 91' lang='lat' dir='ltr'><strong>Hoo</strong></span> <span class='ocrx_word' id='word_1_23' title='bbox 567 1214 676 1273; x_wconf 78' lang='lat' dir='ltr'><strong>antem</strong></span> <span class='ocrx_word' id='word_1_24' title='bbox 689 1215 800 1295; x_wconf 81' lang='lat' dir='ltr'>utpote</span> <span class='ocrx_word' id='word_1_25' title='bbox 813 1207 945 1296; x_wconf 85' lang='lat' dir='ltr'><strong>ignarus</strong></span> <span class='ocrx_word' id='word_1_26' title='bbox 958 1207 1054 1275; x_wconf 89' lang='lat' dir='ltr'><strong>homo</strong></span> <span class='ocrx_word' id='word_1_27' title='bbox 1068 1215 1101 1276; x_wconf 95' lang='lat' dir='ltr'><strong>et</strong></span> <span class='ocrx_word' id='word_1_28' title='bbox 1114 1208 1172 1296; x_wconf 91' lang='lat' dir='ltr'><strong>qui</strong></span> <span class='ocrx_word' id='word_1_29' title='bbox 1185 1210 1227 1275; x_wconf 87' lang='lat' dir='ltr'><strong>ad</strong></span> <span class='ocrx_word' id='word_1_30' title='bbox 1243 1208 1347 1296; x_wconf 90' lang='lat' dir='ltr'><strong>operis</strong></span> <span class='ocrx_word' id='word_1_31' title='bbox 1361 1209 1485 1275; x_wconf 80' lang='lat' dir='ltr'><strong>exitum</strong></span> 
     </span>
     <span class='ocr_line' id='line_1_5' title="bbox 383 1315 1484 1409; baseline 0.005 -27"><span class='ocrx_word' id='word_1_32' title='bbox 383 1315 558 1398; x_wconf 79' lang='lat' dir='ltr'><strong>festinaret,</strong></span> <span class='ocrx_word' id='word_1_33' title='bbox 577 1318 625 1385; x_wconf 89' lang='lat' dir='ltr'><strong>its</strong></span> <span class='ocrx_word' id='word_1_34' title='bbox 645 1320 880 1387; x_wconf 82' lang='lat' dir='ltr'><strong>administravit</strong></span> <span class='ocrx_word' id='word_1_35' title='bbox 900 1328 938 1388; x_wconf 91' lang='lat' dir='ltr'><strong>ut</strong></span> <span class='ocrx_word' id='word_1_36' title='bbox 960 1342 1052 1386; x_wconf 87' lang='lat' dir='ltr'><strong>oasus</strong></span> <span class='ocrx_word' id='word_1_37' title='bbox 1073 1327 1107 1387; x_wconf 90' lang='lat' dir='ltr'><strong>et</strong></span> <span class='ocrx_word' id='word_1_38' title='bbox 1127 1328 1242 1389; x_wconf 83' lang='lat' dir='ltr'><strong>eaetera</strong></span> <span class='ocrx_word' id='word_1_39' title='bbox 1264 1320 1419 1409; x_wconf 87' lang='lat' dir='ltr'><strong>ejusmodi</strong></span> <span class='ocrx_word' id='word_1_40' title='bbox 1441 1322 1484 1402; x_wconf 79' lang='lat' dir='ltr'><strong>ad</strong></span> 
     </span>
     <span class='ocr_line' id='line_1_6' title="bbox 385 1429 1484 1519; baseline 0.004 -25"><span class='ocrx_word' id='word_1_41' title='bbox 385 1429 568 1515; x_wconf 87' lang='lat' dir='ltr'><strong>proximum</strong></span> <span class='ocrx_word' id='word_1_42' title='bbox 577 1431 725 1519; x_wconf 87' lang='lat' dir='ltr'><strong>quodque</strong></span> <span class='ocrx_word' id='word_1_43' title='bbox 735 1432 925 1499; x_wconf 85' lang='lat' dir='ltr'><strong>vooabulum</strong></span> <span class='ocrx_word' id='word_1_44' title='bbox 938 1432 1198 1500; x_wconf 78' lang='lat' dir='ltr'><strong>accommodaret.</strong></span> <span class='ocrx_word' id='word_1_45' title='bbox 1235 1432 1325 1504; x_wconf 85' lang='lat' dir='ltr'><strong>Num</strong></span> <span class='ocrx_word' id='word_1_46' title='bbox 1338 1440 1376 1498; x_wconf 87' lang='lat' dir='ltr'><strong>tu</strong></span> <span class='ocrx_word' id='word_1_47' title='bbox 1389 1438 1484 1518; x_wconf 88' lang='lat' dir='ltr'><strong>putas</strong></span> 
     </span>
     <span class='ocr_line' id='line_1_7' title="bbox 385 1538 1484 1629; baseline 0.005 -24"><span class='ocrx_word' id='word_1_48' title='bbox 385 1538 524 1606; x_wconf 81' lang='lat' dir='ltr'><strong>aliunde·</strong></span> <span class='ocrx_word' id='word_1_49' title='bbox 537 1540 688 1608; x_wconf 86' lang='lat' dir='ltr'><strong>aoeidisse</strong></span> <span class='ocrx_word' id='word_1_50' title='bbox 713 1543 799 1629; x_wconf 86' lang='lat' dir='ltr'><strong>quod</strong></span> <span class='ocrx_word' id='word_1_51' title='bbox 817 1565 886 1610; x_wconf 73' lang='lat' dir='ltr'><strong>ue·</strong></span> <span class='ocrx_word' id='word_1_52' title='bbox 900 1542 938 1608; x_wconf 91' lang='lat' dir='ltr'><strong>in</strong></span> <span class='ocrx_word' id='word_1_53' title='bbox 956 1541 1035 1621; x_wconf 92' lang='lat' dir='ltr'><strong>looo,</strong></span> <span class='ocrx_word' id='word_1_54' title='bbox 1057 1542 1115 1629; x_wconf 87' lang='lat' dir='ltr'><strong>qui</strong></span> <span class='ocrx_word' id='word_1_55' title='bbox 1135 1542 1221 1610; x_wconf 87' lang='lat' dir='ltr'><strong>infre</strong></span> <span class='ocrx_word' id='word_1_56' title='bbox 1242 1542 1402 1622; x_wconf 79' lang='lat' dir='ltr'><strong>citabitur,</strong></span> <span class='ocrx_word' id='word_1_57' title='bbox 1424 1565 1484 1629; x_wconf 93' lang='lat' dir='ltr'><strong>pro</strong></span> 
     </span>
     <span class='ocr_line' id='line_1_8' title="bbox 383 1648 1508 1742; baseline 0.005 -25"><span class='ocrx_word' id='word_1_58' title='bbox 383 1648 460 1717; x_wconf 84' lang='lat' dir='ltr'><strong>vera</strong></span> <span class='ocrx_word' id='word_1_59' title='bbox 469 1651 603 1719; x_wconf 81' lang='lat' dir='ltr'><strong>lectione</strong></span> <span class='ocrx_word' id='word_1_60' title='bbox 614 1652 663 1740; x_wconf 81' lang='grc' dir='ltr'><strong>ἐφ’</strong></span> <span class='ocrx_word' id='word_1_61' title='bbox 673 1652 780 1719; x_wconf 83' lang='grc' dir='ltr'>ἵππων</span> <span class='ocrx_word' id='word_1_62' title='bbox 790 1652 955 1742; x_wconf 79' lang='grc' dir='ltr'>ὀχούμενο,</span> <span class='ocrx_word' id='word_1_63' title='bbox 964 1676 1165 1741; x_wconf 68' lang='grc' dir='ltr'>οιιιιιιιιοιιιο</span> <span class='ocrx_word' id='word_1_64' title='bbox 1175 1661 1251 1722; x_wconf 89' lang='lat' dir='ltr'><strong>ante</strong></span> <span class='ocrx_word' id='word_1_65' title='bbox 1259 1654 1483 1722; x_wconf 85' lang='lat' dir='ltr'><strong>Hermannum</strong></span> <span class='ocrx_word' id='word_1_66' title='bbox 1505 1699 1508 1703; x_wconf 89' lang='lat'><strong>·</strong></span> 
     </span>
     <span class='ocr_line' id='line_1_9' title="bbox 382 1764 1531 1859; baseline 0.001 -29"><span class='ocrx_word' id='word_1_67' title='bbox 382 1764 531 1834; x_wconf 76' lang='lat' dir='ltr'>reducere</span> <span class='ocrx_word' id='word_1_68' title='bbox 545 1788 639 1832; x_wconf 85' lang='lat' dir='ltr'><strong>ausus</strong></span> <span class='ocrx_word' id='word_1_69' title='bbox 658 1772 715 1847; x_wconf 89' lang='lat' dir='ltr'><strong>est,</strong></span> <span class='ocrx_word' id='word_1_70' title='bbox 731 1765 781 1855; x_wconf 80' lang='grc' dir='ltr'><strong>ἐφ’</strong></span> <span class='ocrx_word' id='word_1_71' title='bbox 796 1766 905 1833; x_wconf 84' lang='grc' dir='ltr'>ἵππων</span> <span class='ocrx_word' id='word_1_72' title='bbox 918 1765 1098 1855; x_wconf 75' lang='grc' dir='ltr'>ὀχουμένων</span> <span class='ocrx_word' id='word_1_73' title='bbox 1110 1767 1147 1833; x_wconf 89' lang='lat' dir='ltr'><strong>in</strong></span> <span class='ocrx_word' id='word_1_74' title='bbox 1161 1766 1308 1835; x_wconf 84' lang='lat' dir='ltr'><strong>omnibus</strong></span> <span class='ocrx_word' id='word_1_75' title='bbox 1322 1766 1482 1833; x_wconf 88' lang='lat' dir='ltr'><strong>oodieibus</strong></span> <span class='ocrx_word' id='word_1_76' title='bbox 1529 1853 1531 1859; x_wconf 28' lang='grc' dir='ltr'>Ι</span> 
     </span>
     <span class='ocr_line' id='line_1_10' title="bbox 382 1875 1482 1967; baseline 0.003 -26"><span class='ocrx_word' id='word_1_77' title='bbox 382 1875 530 1964; x_wconf 77' lang='lat' dir='ltr'><strong>legitur?</strong></span> <span class='ocrx_word' id='word_1_78' title='bbox 571 1878 673 1946; x_wconf 84' lang='lat' dir='ltr'><strong>Estne</strong></span> <span class='ocrx_word' id='word_1_79' title='bbox 692 1880 752 1946; x_wconf 90' lang='lat' dir='ltr'><strong>hoo</strong></span> <span class='ocrx_word' id='word_1_80' title='bbox 771 1880 927 1967; x_wconf 89' lang='lat' dir='ltr'><strong>ejusmodi</strong></span> <span class='ocrx_word' id='word_1_81' title='bbox 946 1886 1113 1966; x_wconf 83' lang='lat' dir='ltr'><strong>peooetum</strong></span> <span class='ocrx_word' id='word_1_82' title='bbox 1131 1880 1218 1966; x_wconf 88' lang='lat' dir='ltr'><strong>quod</strong></span> <span class='ocrx_word' id='word_1_83' title='bbox 1238 1877 1336 1944; x_wconf 90' lang='lat' dir='ltr'><strong>semel</strong></span> <span class='ocrx_word' id='word_1_84' title='bbox 1354 1884 1482 1944; x_wconf 90' lang='lat' dir='ltr'><strong>tantum</strong></span> 
     </span>
     <span class='ocr_line' id='line_1_11' title="bbox 382 1988 1482 2076; baseline 0 -20"><span class='ocrx_word' id='word_1_85' title='bbox 382 1988 555 2056; x_wconf 83' lang='lat' dir='ltr'><strong>admittant</strong></span> <span class='ocrx_word' id='word_1_86' title='bbox 586 1989 740 2070; x_wconf 89' lang='lat' dir='ltr'><strong>homines,</strong></span> <span class='ocrx_word' id='word_1_87' title='bbox 771 2013 814 2057; x_wconf 91' lang='lat' dir='ltr'><strong>an</strong></span> <span class='ocrx_word' id='word_1_88' title='bbox 841 1990 948 2076; x_wconf 91' lang='lat' dir='ltr'><strong>potius</strong></span> <span class='ocrx_word' id='word_1_89' title='bbox 977 2014 1019 2056; x_wconf 86' lang='lat' dir='ltr'><strong>ex</strong></span> <span class='ocrx_word' id='word_1_90' title='bbox 1046 1996 1146 2056; x_wconf 85' lang='lat' dir='ltr'><strong>tentae</strong></span> <span class='ocrx_word' id='word_1_91' title='bbox 1174 1989 1323 2056; x_wconf 77' lang='lat' dir='ltr'><strong>socordiae</strong></span> <span class='ocrx_word' id='word_1_92' title='bbox 1353 1988 1482 2056; x_wconf 85' lang='lat' dir='ltr'><strong>indiciis</strong></span> 
     </span>
     <span class='ocr_line' id='line_1_12' title="bbox 381 2099 1480 2188; baseline 0 -22"><span class='ocrx_word' id='word_1_93' title='bbox 381 2100 533 2187; x_wconf 84' lang='lat' dir='ltr'><strong>angurari</strong></span> <span class='ocrx_word' id='word_1_94' title='bbox 546 2100 623 2167; x_wconf 90' lang='lat' dir='ltr'><strong>lieet</strong></span> <span class='ocrx_word' id='word_1_95' title='bbox 635 2100 739 2167; x_wconf 87' lang='lat' dir='ltr'><strong>multo</strong></span> <span class='ocrx_word' id='word_1_96' title='bbox 757 2100 933 2167; x_wconf 86' lang='lat' dir='ltr'><strong>etiamnum</strong></span> <span class='ocrx_word' id='word_1_97' title='bbox 951 2124 1114 2188; x_wconf 79' lang='lat' dir='ltr'><strong>superesse</strong></span> <span class='ocrx_word' id='word_1_98' title='bbox 1133 2099 1280 2166; x_wconf 90' lang='lat' dir='ltr'><strong>similitor</strong></span> <span class='ocrx_word' id='word_1_99' title='bbox 1297 2101 1480 2186; x_wconf 85' lang='lat' dir='ltr'><strong>depravata,</strong></span> 
     </span>
     <span class='ocr_line' id='line_1_13' title="bbox 381 2211 1480 2298; baseline 0.003 -21"><span class='ocrx_word' id='word_1_100' title='bbox 381 2234 453 2298; x_wconf 88' lang='lat' dir='ltr'><strong>quae</strong></span> <span class='ocrx_word' id='word_1_101' title='bbox 475 2219 546 2278; x_wconf 89' lang='lat' dir='ltr'><strong>tum</strong></span> <span class='ocrx_word' id='word_1_102' title='bbox 570 2213 699 2279; x_wconf 87' lang='lat' dir='ltr'><strong>demum</strong></span> <span class='ocrx_word' id='word_1_103' title='bbox 718 2213 761 2279; x_wconf 85' lang='lat' dir='ltr'><strong>od</strong></span> <span class='ocrx_word' id='word_1_104' title='bbox 781 2213 951 2279; x_wconf 88' lang='lat' dir='ltr'><strong>sanitatem</strong></span> <span class='ocrx_word' id='word_1_105' title='bbox 972 2213 1182 2279; x_wconf 80' lang='lat' dir='ltr'><strong>restituentur</strong></span> <span class='ocrx_word' id='word_1_106' title='bbox 1205 2234 1307 2297; x_wconf 90' lang='lat' dir='ltr'><strong>quum</strong></span> <span class='ocrx_word' id='word_1_107' title='bbox 1331 2211 1371 2277; x_wconf 86' lang='lat' dir='ltr'><strong>de</strong></span> <span class='ocrx_word' id='word_1_108' title='bbox 1395 2212 1480 2280; x_wconf 86' lang='lat' dir='ltr'><strong>mala</strong></span> 
     </span>
     <span class='ocr_line' id='line_1_14' title="bbox 381 2322 1479 2413; baseline -0.001 -23"><span class='ocrx_word' id='word_1_109' title='bbox 381 2323 583 2391; x_wconf 85' lang='lat' dir='ltr'><strong>librariorum</strong></span> <span class='ocrx_word' id='word_1_110' title='bbox 596 2325 660 2390; x_wconf 90' lang='lat' dir='ltr'><strong>fide</strong></span> <span class='ocrx_word' id='word_1_111' title='bbox 670 2347 747 2390; x_wconf 88' lang='lat' dir='ltr'><strong>vera</strong></span> <span class='ocrx_word' id='word_1_112' title='bbox 760 2324 918 2413; x_wconf 89' lang='lat' dir='ltr'><strong>sententia</strong></span> <span class='ocrx_word' id='word_1_113' title='bbox 931 2323 1144 2411; x_wconf 75' lang='lat' dir='ltr'><strong>praevalebit?</strong></span> <span class='ocrx_word' id='word_1_114' title='bbox 1187 2322 1303 2409; x_wconf 80' lang='lat' dir='ltr'><strong>Itaque</strong></span> <span class='ocrx_word' id='word_1_115' title='bbox 1317 2345 1378 2409; x_wconf 85' lang='lat' dir='ltr'><strong>ego</strong></span> <span class='ocrx_word' id='word_1_116' title='bbox 1391 2323 1479 2390; x_wconf 89' lang='lat' dir='ltr'><strong>huno</strong></span> 
     </span>
     <span class='ocr_line' id='line_1_15' title="bbox 381 2433 1481 2524; baseline 0.002 -24"><span class='ocrx_word' id='word_1_117' title='bbox 381 2434 524 2503; x_wconf 87' lang='lat' dir='ltr'><strong>laborem</strong></span> <span class='ocrx_word' id='word_1_118' title='bbox 535 2458 594 2521; x_wconf 90' lang='lat' dir='ltr'><strong>pro</strong></span> <span class='ocrx_word' id='word_1_119' title='bbox 604 2434 692 2501; x_wconf 86' lang='lat' dir='ltr'><strong>virili</strong></span> <span class='ocrx_word' id='word_1_120' title='bbox 705 2442 797 2520; x_wconf 88' lang='lat' dir='ltr'><strong>parte</strong></span> <span class='ocrx_word' id='word_1_121' title='bbox 810 2457 896 2500; x_wconf 89' lang='lat' dir='ltr'><strong>nuno</strong></span> <span class='ocrx_word' id='word_1_122' title='bbox 910 2434 1100 2521; x_wconf 83' lang='lat' dir='ltr'><strong>aggredior3</strong></span> <span class='ocrx_word' id='word_1_123' title='bbox 1121 2433 1176 2500; x_wconf 88' lang='lat' dir='ltr'><strong>sed</strong></span> <span class='ocrx_word' id='word_1_124' title='bbox 1186 2455 1228 2497; x_wconf 92' lang='lat' dir='ltr'><strong>ne</strong></span> <span class='ocrx_word' id='word_1_125' title='bbox 1238 2439 1329 2499; x_wconf 84' lang='lat' dir='ltr'><strong>extre</strong></span> <span class='ocrx_word' id='word_1_126' title='bbox 1339 2434 1481 2524; x_wconf 83' lang='lat' dir='ltr'><strong>epistolae</strong></span> 
     </span>
     <span class='ocr_line' id='line_1_16' title="bbox 380 2544 1477 2634; baseline 0 -22"><span class='ocrx_word' id='word_1_127' title='bbox 380 2546 461 2613; x_wconf 90' lang='lat' dir='ltr'><strong>fines</strong></span> <span class='ocrx_word' id='word_1_128' title='bbox 471 2554 624 2633; x_wconf 80' lang='lat' dir='ltr'><strong>evagetur</strong></span> <span class='ocrx_word' id='word_1_129' title='bbox 633 2546 817 2632; x_wconf 87' lang='lat' dir='ltr'><strong>disputatio,</strong></span> <span class='ocrx_word' id='word_1_130' title='bbox 827 2553 896 2634; x_wconf 85' lang='lat' dir='ltr'><strong>tres</strong></span> <span class='ocrx_word' id='word_1_131' title='bbox 903 2546 1025 2633; x_wconf 89' lang='lat' dir='ltr'><strong>priores</strong></span> <span class='ocrx_word' id='word_1_132' title='bbox 1033 2552 1161 2612; x_wconf 86' lang='lat' dir='ltr'><strong>tantum</strong></span> <span class='ocrx_word' id='word_1_133' title='bbox 1174 2544 1272 2611; x_wconf 85' lang='lat' dir='ltr'><strong>libros</strong></span> <span class='ocrx_word' id='word_1_134' title='bbox 1282 2568 1477 2631; x_wconf 84' lang='lat' dir='ltr'><strong>percurram,</strong></span> 
     </span>
     <span class='ocr_line' id='line_1_17' title="bbox 380 2656 1480 2726; baseline 0.001 -2"><span class='ocrx_word' id='word_1_135' title='bbox 380 2681 494 2724; x_wconf 85' lang='lat' dir='ltr'><strong>verum</strong></span> <span class='ocrx_word' id='word_1_136' title='bbox 515 2658 563 2725; x_wconf 90' lang='lat' dir='ltr'><strong>ita</strong></span> <span class='ocrx_word' id='word_1_137' title='bbox 583 2665 621 2724; x_wconf 91' lang='lat' dir='ltr'><strong>ut</strong></span> <span class='ocrx_word' id='word_1_138' title='bbox 641 2659 677 2724; x_wconf 88' lang='lat' dir='ltr'><strong>in</strong></span> <span class='ocrx_word' id='word_1_139' title='bbox 697 2657 793 2725; x_wconf 89' lang='lat' dir='ltr'><strong>tertio</strong></span> <span class='ocrx_word' id='word_1_140' title='bbox 813 2658 921 2726; x_wconf 85' lang='lat' dir='ltr'><strong>oblate</strong></span> <span class='ocrx_word' id='word_1_141' title='bbox 937 2658 1100 2726; x_wconf 88' lang='lat' dir='ltr'><strong>oooasione</strong></span> <span class='ocrx_word' id='word_1_142' title='bbox 1118 2656 1273 2723; x_wconf 90' lang='lat' dir='ltr'><strong>similium</strong></span> <span class='ocrx_word' id='word_1_143' title='bbox 1292 2659 1480 2725; x_wconf 89' lang='lat' dir='ltr'><strong>mendorum</strong></span> 
     </span>
     <span class='ocr_line' id='line_1_18' title="bbox 380 2768 1477 2859; baseline -0.002 -22"><span class='ocrx_word' id='word_1_144' title='bbox 380 2771 527 2859; x_wconf 86' lang='lat' dir='ltr'><strong>exempla</strong></span> <span class='ocrx_word' id='word_1_145' title='bbox 540 2794 560 2836; x_wconf 92' lang='lat' dir='ltr'><strong>a</strong></span> <span class='ocrx_word' id='word_1_146' title='bbox 573 2778 710 2858; x_wconf 86' lang='lat' dir='ltr'><strong>quatuor</strong></span> <span class='ocrx_word' id='word_1_147' title='bbox 722 2771 776 2838; x_wconf 85' lang='lat' dir='ltr'><strong>vel</strong></span> <span class='ocrx_word' id='word_1_148' title='bbox 789 2770 931 2859; x_wconf 91' lang='lat' dir='ltr'><strong>quinque</strong></span> <span class='ocrx_word' id='word_1_149' title='bbox 950 2770 1156 2859; x_wconf 83' lang='lat' dir='ltr'><strong>sequentibus</strong></span> <span class='ocrx_word' id='word_1_150' title='bbox 1173 2768 1265 2835; x_wconf 89' lang='lat' dir='ltr'><strong>libris</strong></span> <span class='ocrx_word' id='word_1_151' title='bbox 1282 2792 1477 2856; x_wconf 86' lang='lat' dir='ltr'><strong>expromam.</strong></span> 
     </span>
     <span class='ocr_line' id='line_1_19' title="bbox 382 2880 1479 2970; baseline 0 -21"><span class='ocrx_word' id='word_1_152' title='bbox 382 2881 454 2956; x_wconf 79' lang='lat' dir='ltr'><strong>Quo</strong></span> <span class='ocrx_word' id='word_1_153' title='bbox 467 2882 551 2949; x_wconf 76' lang='lat' dir='ltr'><strong>laeto</strong></span> <span class='ocrx_word' id='word_1_154' title='bbox 568 2882 708 2970; x_wconf 79' lang='lat' dir='ltr'><strong>periculo</strong></span> <span class='ocrx_word' id='word_1_155' title='bbox 727 2905 818 2969; x_wconf 91' lang='lat' dir='ltr'><strong>spero</strong></span> <span class='ocrx_word' id='word_1_156' title='bbox 837 2883 905 2948; x_wconf 83' lang='lat' dir='ltr'><strong>fore</strong></span> <span class='ocrx_word' id='word_1_157' title='bbox 924 2890 971 2962; x_wconf 90' lang='lat' dir='ltr'><strong>ut,</strong></span> <span class='ocrx_word' id='word_1_158' title='bbox 987 2890 1020 2949; x_wconf 93' lang='lat' dir='ltr'><strong>te</strong></span> <span class='ocrx_word' id='word_1_159' title='bbox 1038 2882 1197 2961; x_wconf 88' lang='lat' dir='ltr'><strong>hortante,</strong></span> <span class='ocrx_word' id='word_1_160' title='bbox 1212 2880 1269 2947; x_wconf 81' lang='lat' dir='ltr'><strong>alii</strong></span> <span class='ocrx_word' id='word_1_161' title='bbox 1286 2882 1323 2947; x_wconf 90' lang='lat' dir='ltr'><strong>in</strong></span> <span class='ocrx_word' id='word_1_162' title='bbox 1343 2883 1479 2949; x_wconf 89' lang='lat' dir='ltr'><strong>eundem</strong></span> 
     </span>
     <span class='ocr_line' id='line_1_20' title="bbox 381 2982 1478 3081; baseline 0.003 -21"><span class='ocrx_word' id='word_1_163' title='bbox 381 3017 529 3081; x_wconf 85' lang='lat' dir='ltr'><strong>eampum</strong></span> <span class='ocrx_word' id='word_1_164' title='bbox 542 2982 743 3072; x_wconf 82' lang='lat' dir='ltr'><strong>deseendant,</strong></span> <span class='ocrx_word' id='word_1_165' title='bbox 753 2993 838 3058; x_wconf 89' lang='lat' dir='ltr'><strong>unde</strong></span> <span class='ocrx_word' id='word_1_166' title='bbox 853 3000 885 3058; x_wconf 91' lang='lat' dir='ltr'><strong>et</strong></span> <span class='ocrx_word' id='word_1_167' title='bbox 895 2993 956 3059; x_wconf 93' lang='lat' dir='ltr'><strong>sibi</strong></span> <span class='ocrx_word' id='word_1_168' title='bbox 970 2993 1098 3058; x_wconf 88' lang='lat' dir='ltr'><strong>laudem</strong></span> <span class='ocrx_word' id='word_1_169' title='bbox 1108 2999 1142 3058; x_wconf 92' lang='lat' dir='ltr'><strong>et</strong></span> <span class='ocrx_word' id='word_1_170' title='bbox 1152 2991 1297 3058; x_wconf 87' lang='lat' dir='ltr'><strong>Platonis</strong></span> <span class='ocrx_word' id='word_1_171' title='bbox 1307 2991 1478 3062; x_wconf 74' lang='lat' dir='ltr'><strong>lectoribus</strong></span> 
     </span>
     <span class='ocr_line' id='line_1_21' title="bbox 381 3106 1105 3193; baseline -0.006 -20"><span class='ocrx_word' id='word_1_172' title='bbox 381 3106 638 3173; x_wconf 76' lang='lat' dir='ltr'><strong>commoditatem</strong></span> <span class='ocrx_word' id='word_1_173' title='bbox 649 3106 777 3193; x_wconf 85' lang='lat' dir='ltr'><strong>parient</strong></span> <span class='ocrx_word' id='word_1_174' title='bbox 791 3127 917 3171; x_wconf 82' lang='lat' dir='ltr'><strong>neeesse</strong></span> <span class='ocrx_word' id='word_1_175' title='bbox 930 3112 988 3171; x_wconf 88' lang='lat' dir='ltr'><strong>est.</strong></span> <span class='ocrx_word' id='word_1_176' title='bbox 1098 3172 1105 3178; x_wconf 15' lang='grc' dir='ltr'>ἢ</span> 
     </span>
    </p>

    <p class='ocr_par' dir='ltr' id='par_1_3' title="bbox 377 3212 1479 3417">
     <span class='ocr_line' id='line_1_22' title="bbox 416 3212 1479 3305; baseline -0.003 -21"><span class='ocrx_word' id='word_1_177' title='bbox 416 3218 560 3285; x_wconf 81' lang='lat' dir='ltr'><strong>¹Initium</strong></span> <span class='ocrx_word' id='word_1_178' title='bbox 570 3217 684 3284; x_wconf 82' lang='lat' dir='ltr'><strong>faciam</strong></span> <span class='ocrx_word' id='word_1_179' title='bbox 699 3218 735 3283; x_wconf 90' lang='lat' dir='ltr'><strong>in</strong></span> <span class='ocrx_word' id='word_1_180' title='bbox 743 3241 776 3304; x_wconf 88' lang='lat' dir='ltr'><strong>p.</strong></span> <span class='ocrx_word' id='word_1_181' title='bbox 789 3216 931 3305; x_wconf 81' lang='lat' dir='ltr'><strong>627,ubi</strong></span> <span class='ocrx_word' id='word_1_182' title='bbox 945 3216 1085 3304; x_wconf 83' lang='lat' dir='ltr'><strong>legitur:</strong></span> <span class='ocrx_word' id='word_1_183' title='bbox 1105 3214 1160 3283; x_wconf 78' lang='grc' dir='ltr'><strong>καὶ</strong></span> <span class='ocrx_word' id='word_1_184' title='bbox 1171 3214 1228 3280; x_wconf 82' lang='grc' dir='ltr'><strong>οὐκ</strong></span> <span class='ocrx_word' id='word_1_185' title='bbox 1238 3212 1282 3279; x_wconf 81' lang='grc' dir='ltr'><strong>’ἂν</strong></span> <span class='ocrx_word' id='word_1_186' title='bbox 1292 3215 1340 3296; x_wconf 80' lang='grc' dir='ltr'><strong>εἴη</strong></span> <span class='ocrx_word' id='word_1_187' title='bbox 1354 3214 1479 3303; x_wconf 80' lang='grc' dir='ltr'>πρέπον</span> 
     </span>
     <span class='ocr_line' id='line_1_23' title="bbox 377 3326 1479 3417; baseline -0.003 -21"><span class='ocrx_word' id='word_1_188' title='bbox 377 3328 451 3414; x_wconf 76' lang='grc' dir='ltr'>ε’ριοί</span> <span class='ocrx_word' id='word_1_189' title='bbox 462 3356 498 3396; x_wconf 83' lang='grc' dir='ltr'><strong>τε</strong></span> <span class='ocrx_word' id='word_1_190' title='bbox 510 3329 564 3396; x_wconf 81' lang='grc' dir='ltr'><strong>καὶ</strong></span> <span class='ocrx_word' id='word_1_191' title='bbox 578 3330 651 3413; x_wconf 82' lang='grc' dir='ltr'>ὑμῖν</span> <span class='ocrx_word' id='word_1_192' title='bbox 666 3332 759 3395; x_wconf 81' lang='grc' dir='ltr'>τοῦτο</span> <span class='ocrx_word' id='word_1_193' title='bbox 777 3327 924 3417; x_wconf 83' lang='grc' dir='ltr'>θηρεύειν,</span> <span class='ocrx_word' id='word_1_194' title='bbox 939 3327 990 3394; x_wconf 83' lang='grc' dir='ltr'><strong>ὅτι</strong></span> <span class='ocrx_word' id='word_1_195' title='bbox 1007 3326 1164 3395; x_wconf 83' lang='grc' dir='ltr'>νικώντων</span> <span class='ocrx_word' id='word_1_196' title='bbox 1178 3326 1237 3411; x_wconf 80' lang='grc' dir='ltr'><strong>μὲν</strong></span> <span class='ocrx_word' id='word_1_197' title='bbox 1253 3331 1317 3393; x_wconf 85' lang='grc' dir='ltr'><strong>τῶν</strong></span> <span class='ocrx_word' id='word_1_198' title='bbox 1333 3332 1479 3416; x_wconf 82' lang='grc' dir='ltr'>πονηρῶν</span> 
     </span>
    </p>
   </div>
   <div class='ocr_carea' id='block_1_3' title="bbox 277 3438 1478 3525">
    <p class='ocr_par' dir='ltr' id='par_1_4' title="bbox 277 3438 1478 3525">
     <span class='ocr_line' id='line_1_24' title="bbox 277 3438 1478 3525; baseline -0.004 -16"><span class='ocrx_word' id='word_1_199' title='bbox 277 3462 280 3467; x_wconf 87' lang='grc'><strong><em>·</em></strong></span> <span class='ocrx_word' id='word_1_200' title='bbox 378 3442 449 3525; x_wconf 82' lang='grc' dir='ltr'><strong>ἥτε</strong></span> <span class='ocrx_word' id='word_1_201' title='bbox 464 3441 547 3508; x_wconf 81' lang='grc' dir='ltr'>οιίιίο</span> <span class='ocrx_word' id='word_1_202' title='bbox 561 3441 614 3508; x_wconf 81' lang='grc' dir='ltr'><strong>καὶ</strong></span> <span class='ocrx_word' id='word_1_203' title='bbox 629 3442 650 3524; x_wconf 82' lang='grc' dir='ltr'><em>ἡ</em></span> <span class='ocrx_word' id='word_1_204' title='bbox 668 3439 830 3524; x_wconf 79' lang='grc' dir='ltr'>ξνγηένειο</span> <span class='ocrx_word' id='word_1_205' title='bbox 848 3439 929 3521; x_wconf 80' lang='grc' dir='ltr'>αὕτη</span> <span class='ocrx_word' id='word_1_206' title='bbox 948 3443 1044 3505; x_wconf 76' lang='grc' dir='ltr'>πᾶσι</span> <span class='ocrx_word' id='word_1_207' title='bbox 1061 3439 1166 3521; x_wconf 81' lang='grc' dir='ltr'>ἥττων</span> <span class='ocrx_word' id='word_1_208' title='bbox 1184 3439 1281 3521; x_wconf 66' lang='grc' dir='ltr'>αι’πῆς</span> <span class='ocrx_word' id='word_1_209' title='bbox 1299 3438 1417 3522; x_wconf 73' lang='grc' dir='ltr'>λέγοιτ’</span> <span class='ocrx_word' id='word_1_210' title='bbox 1428 3438 1478 3514; x_wconf 84' lang='grc' dir='ltr'><strong>ἄν,</strong></span> 
     </span>
    </p>
   </div>
   <div class='ocr_carea' id='block_1_4' title="bbox 374 3551 1479 3976">
    <p class='ocr_par' dir='ltr' id='par_1_5' title="bbox 374 3551 1479 3754">
     <span class='ocr_line' id='line_1_25' title="bbox 374 3551 1479 3641; baseline -0.002 -21"><span class='ocrx_word' id='word_1_211' title='bbox 374 3554 458 3622; x_wconf 80' lang='grc' dir='ltr'><strong>κ.τ.ἑ.</strong></span> <span class='ocrx_word' id='word_1_212' title='bbox 501 3555 589 3641; x_wconf 83' lang='lat' dir='ltr'><strong>Lege</strong></span> <span class='ocrx_word' id='word_1_213' title='bbox 608 3551 626 3618; x_wconf 84' lang='grc' dir='ltr'><strong><em>ὅ</em></strong></span> <span class='ocrx_word' id='word_1_214' title='bbox 644 3578 686 3618; x_wconf 84' lang='grc' dir='ltr'><strong>τι.</strong></span> <span class='ocrx_word' id='word_1_215' title='bbox 702 3553 876 3640; x_wconf 72' lang='lat' dir='ltr'><strong>exquirere,</strong></span> <span class='ocrx_word' id='word_1_216' title='bbox 892 3573 959 3638; x_wconf 80' lang='lat' dir='ltr'><strong>quoe</strong></span> <span class='ocrx_word' id='word_1_217' title='bbox 978 3553 1022 3618; x_wconf 80' lang='lat' dir='ltr'><strong>sit</strong></span> <span class='ocrx_word' id='word_1_218' title='bbox 1041 3573 1080 3618; x_wconf 83' lang='lat' dir='ltr'><strong>eo</strong></span> <span class='ocrx_word' id='word_1_219' title='bbox 1098 3573 1148 3618; x_wconf 81' lang='grc' dir='ltr'><strong>ιιι</strong></span> <span class='ocrx_word' id='word_1_220' title='bbox 1166 3552 1200 3618; x_wconf 75' lang='grc' dir='ltr'><strong>ιο</strong></span> <span class='ocrx_word' id='word_1_221' title='bbox 1218 3552 1325 3634; x_wconf 82' lang='lat' dir='ltr'><strong>quasi</strong></span> <span class='ocrx_word' id='word_1_222' title='bbox 1346 3551 1479 3638; x_wconf 76' lang='lat' dir='ltr'><strong>improbi</strong></span> 
     </span>
     <span class='ocr_line' id='line_1_26' title="bbox 378 3666 734 3754; baseline -0.011 -19"><span class='ocrx_word' id='word_1_223' title='bbox 378 3666 641 3754; x_wconf 79' lang='lat' dir='ltr'><strong>victoressuarr‘nt</strong></span> <span class='ocrx_word' id='word_1_224' title='bbox 655 3675 734 3732; x_wconf 77' lang='lat' dir='ltr'><strong>cett.</strong></span> 
     </span>
    </p>

    <p class='ocr_par' dir='ltr' id='par_1_6' title="bbox 377 3772 1478 3976">
     <span class='ocr_line' id='line_1_27' title="bbox 418 3772 1478 3865; baseline -0.006 -20"><span class='ocrx_word' id='word_1_225' title='bbox 418 3779 457 3845; x_wconf 86' lang='lat' dir='ltr'><strong>P.</strong></span> <span class='ocrx_word' id='word_1_226' title='bbox 474 3779 547 3845; x_wconf 77' lang='lat'><strong>628.</strong></span> <span class='ocrx_word' id='word_1_227' title='bbox 591 3776 712 3865; x_wconf 80' lang='grc' dir='ltr'>πότερα</span> <span class='ocrx_word' id='word_1_228' title='bbox 726 3775 754 3843; x_wconf 88' lang='grc' dir='ltr'><strong>δ’</strong></span> <span class='ocrx_word' id='word_1_229' title='bbox 769 3774 977 3858; x_wconf 82' lang='grc' dir='ltr'>ἀπολομένων</span> <span class='ocrx_word' id='word_1_230' title='bbox 990 3774 1032 3841; x_wconf 83' lang='grc' dir='ltr'><strong>οὗ</strong></span> <span class='ocrx_word' id='word_1_231' title='bbox 1050 3776 1113 3839; x_wconf 84' lang='grc' dir='ltr'><strong>τῶν</strong></span> <span class='ocrx_word' id='word_1_232' title='bbox 1132 3772 1246 3862; x_wconf 81' lang='grc' dir='ltr'>ἑτέρων</span> <span class='ocrx_word' id='word_1_233' title='bbox 1263 3773 1404 3862; x_wconf 80' lang='grc' dir='ltr'>[εἰρήνην</span> <span class='ocrx_word' id='word_1_234' title='bbox 1421 3780 1478 3858; x_wconf 79' lang='grc' dir='ltr'><strong>τῆς</strong></span> 
     </span>
     <span class='ocr_line' id='line_1_28' title="bbox 377 3885 1477 3976; baseline -0.005 -19"><span class='ocrx_word' id='word_1_235' title='bbox 377 3890 521 3960; x_wconf 72' lang='grc' dir='ltr'>στάσεως</span> <span class='ocrx_word' id='word_1_236' title='bbox 530 3889 690 3976; x_wconf 68' lang='grc' dir='ltr'>γενέσθαι]</span> <span class='ocrx_word' id='word_1_237' title='bbox 701 3888 897 3970; x_wconf 80' lang='grc' dir='ltr'>νικησάντων</span> <span class='ocrx_word' id='word_1_238' title='bbox 907 3887 942 3954; x_wconf 88' lang='grc' dir='ltr'><strong>δὲ</strong></span> <span class='ocrx_word' id='word_1_239' title='bbox 949 3886 1100 3974; x_wconf 81' lang='grc' dir='ltr'>ποτέρων,</span> <span class='ocrx_word' id='word_1_240' title='bbox 1109 3885 1223 3970; x_wconf 76' lang='grc' dir='ltr'>δέξαιτ’</span> <span class='ocrx_word' id='word_1_241' title='bbox 1232 3885 1272 3953; x_wconf 80' lang='grc' dir='ltr'><strong>ἄν</strong></span> <span class='ocrx_word' id='word_1_242' title='bbox 1282 3912 1330 3957; x_wconf 78' lang='grc' dir='ltr'><strong>τις</strong></span> <span class='ocrx_word' id='word_1_243' title='bbox 1339 3891 1477 3970; x_wconf 78' lang='grc' dir='ltr'>μᾶλλον,</span> 
     </span>
    </p>
   </div>
   <div class='ocr_carea' id='block_1_5' title="bbox 333 3996 1613 4088">
    <p class='ocr_par' dir='ltr' id='par_1_7' title="bbox 333 3996 1613 4088">
     <span class='ocr_line' id='line_1_29' title="bbox 333 3996 1613 4088; baseline -0.029 -16"><span class='ocrx_word' id='word_1_244' title='bbox 333 4022 338 4030; x_wconf 85' lang='grc'><strong>’</strong></span> <span class='ocrx_word' id='word_1_245' title='bbox 377 3999 531 4088; x_wconf 48' lang='lat' dir='ltr'><strong>&amp;biblos</strong></span> <span class='ocrx_word' id='word_1_246' title='bbox 552 4025 588 4066; x_wconf 81' lang='grc' dir='ltr'><strong>τε</strong></span> <span class='ocrx_word' id='word_1_247' title='bbox 607 3998 662 4066; x_wconf 83' lang='grc' dir='ltr'><strong>καὶ</strong></span> <span class='ocrx_word' id='word_1_248' title='bbox 681 3997 802 4087; x_wconf 76' lang='grc' dir='ltr'>εἰρήνης</span> <span class='ocrx_word' id='word_1_249' title='bbox 823 3996 887 4064; x_wconf 81' lang='grc' dir='ltr'><strong>ὑπὸ</strong></span> <span class='ocrx_word' id='word_1_250' title='bbox 908 3997 1094 4080; x_wconf 77' lang='grc' dir='ltr'>διολλοηῶν</span> <span class='ocrx_word' id='word_1_251' title='bbox 1113 3999 1288 4082; x_wconf 59' lang='grc' dir='ltr'><strong>γενομένης,</strong></span> <span class='ocrx_word' id='word_1_252' title='bbox 1310 3998 1392 4066; x_wconf 63' lang='grc' dir='ltr'>οὕτω</span> <span class='ocrx_word' id='word_1_253' title='bbox 1413 4001 1478 4069; x_wconf 59' lang='lat'><strong>7039</strong></span> <span class='ocrx_word' id='word_1_254' title='bbox 1611 4027 1613 4032; x_wconf 96' lang='lat'><em>.</em></span> 
     </span>
    </p>
   </div>
   <div class='ocr_carea' id='block_1_6' title="bbox 373 4108 1507 4756">
    <p class='ocr_par' dir='ltr' id='par_1_8' title="bbox 373 4108 1507 4756">
     <span class='ocr_line' id='line_1_30' title="bbox 375 4108 1475 4200; baseline -0.005 -18"><span class='ocrx_word' id='word_1_255' title='bbox 375 4113 490 4198; x_wconf 78' lang='grc' dir='ltr'>ἔξωθεν</span> <span class='ocrx_word' id='word_1_256' title='bbox 514 4111 679 4195; x_wconf 76' lang='grc' dir='ltr'>πολεμίοις</span> <span class='ocrx_word' id='word_1_257' title='bbox 706 4110 880 4200; x_wconf 74' lang='grc' dir='ltr'>προσέχειν</span> <span class='ocrx_word' id='word_1_258' title='bbox 907 4109 1048 4194; x_wconf 72' lang='grc' dir='ltr'>ἀνάνγιιην</span> <span class='ocrx_word' id='word_1_259' title='bbox 1072 4108 1151 4176; x_wconf 76' lang='grc' dir='ltr'>εἶναι</span> <span class='ocrx_word' id='word_1_260' title='bbox 1179 4109 1235 4176; x_wconf 82' lang='grc' dir='ltr'><strong>τὸν</strong></span> <span class='ocrx_word' id='word_1_261' title='bbox 1259 4113 1339 4177; x_wconf 79' lang='grc' dir='ltr'>νοῦν.</span> <span class='ocrx_word' id='word_1_262' title='bbox 1394 4109 1475 4183; x_wconf 83' lang='lat' dir='ltr'><strong>Quae</strong></span> 
     </span>
     <span class='ocr_line' id='line_1_31' title="bbox 375 4220 1474 4310; baseline -0.002 -20"><span class='ocrx_word' id='word_1_263' title='bbox 375 4223 502 4291; x_wconf 78' lang='lat' dir='ltr'><strong>uncinis</strong></span> <span class='ocrx_word' id='word_1_264' title='bbox 515 4223 632 4290; x_wconf 80' lang='lat' dir='ltr'><strong>inclusi</strong></span> <span class='ocrx_word' id='word_1_265' title='bbox 644 4225 777 4290; x_wconf 90' lang='lat' dir='ltr'><strong>minime</strong></span> <span class='ocrx_word' id='word_1_266' title='bbox 797 4246 834 4290; x_wconf 89' lang='lat' dir='ltr'><strong>eo</strong></span> <span class='ocrx_word' id='word_1_267' title='bbox 848 4222 981 4290; x_wconf 87' lang='lat' dir='ltr'><strong>oonsilio</strong></span> <span class='ocrx_word' id='word_1_268' title='bbox 1000 4222 1118 4310; x_wconf 84' lang='lat' dir='ltr'><strong>scripta</strong></span> <span class='ocrx_word' id='word_1_269' title='bbox 1131 4231 1208 4290; x_wconf 88' lang='lat' dir='ltr'><strong>sunt</strong></span> <span class='ocrx_word' id='word_1_270' title='bbox 1220 4230 1258 4289; x_wconf 93' lang='lat' dir='ltr'><strong>ut</strong></span> <span class='ocrx_word' id='word_1_271' title='bbox 1271 4223 1307 4287; x_wconf 91' lang='lat' dir='ltr'><strong>in</strong></span> <span class='ocrx_word' id='word_1_272' title='bbox 1321 4220 1474 4288; x_wconf 86' lang='lat' dir='ltr'><strong>orationis</strong></span> 
     </span>
     <span class='ocr_line' id='line_1_32' title="bbox 375 4331 1474 4421; baseline -0.004 -19"><span class='ocrx_word' id='word_1_273' title='bbox 375 4336 489 4402; x_wconf 89' lang='lat' dir='ltr'><strong>seriem</strong></span> <span class='ocrx_word' id='word_1_274' title='bbox 502 4333 726 4421; x_wconf 74' lang='lat' dir='ltr'><strong>reciperentur,</strong></span> <span class='ocrx_word' id='word_1_275' title='bbox 742 4334 787 4400; x_wconf 90' lang='lat' dir='ltr'><strong>sio</strong></span> <span class='ocrx_word' id='word_1_276' title='bbox 801 4333 888 4400; x_wconf 89' lang='lat' dir='ltr'><strong>euim</strong></span> <span class='ocrx_word' id='word_1_277' title='bbox 901 4340 974 4419; x_wconf 90' lang='lat' dir='ltr'><strong>post</strong></span> <span class='ocrx_word' id='word_1_278' title='bbox 987 4332 1129 4421; x_wconf 77' lang='grc' dir='ltr'>ποτέρων</span> <span class='ocrx_word' id='word_1_279' title='bbox 1141 4333 1244 4420; x_wconf 82' lang='lat' dir='ltr'><strong>posito</strong></span> <span class='ocrx_word' id='word_1_280' title='bbox 1258 4331 1402 4412; x_wconf 83' lang='lat' dir='ltr'><strong>fuissent,</strong></span> <span class='ocrx_word' id='word_1_281' title='bbox 1417 4333 1474 4399; x_wconf 88' lang='lat' dir='ltr'><strong>sed</strong></span> 
     </span>
     <span class='ocr_line' id='line_1_33' title="bbox 374 4442 1471 4532; baseline 0 -22"><span class='ocrx_word' id='word_1_282' title='bbox 374 4468 432 4532; x_wconf 93' lang='lat' dir='ltr'><strong>pro</strong></span> <span class='ocrx_word' id='word_1_283' title='bbox 446 4444 565 4512; x_wconf 90' lang='lat' dir='ltr'><strong>seholio</strong></span> <span class='ocrx_word' id='word_1_284' title='bbox 579 4445 725 4512; x_wconf 83' lang='lat' dir='ltr'><strong>habenda</strong></span> <span class='ocrx_word' id='word_1_285' title='bbox 739 4450 814 4510; x_wconf 91' lang='lat' dir='ltr'><strong>sunt</strong></span> <span class='ocrx_word' id='word_1_286' title='bbox 832 4466 946 4530; x_wconf 88' lang='lat' dir='ltr'><strong>parum</strong></span> <span class='ocrx_word' id='word_1_287' title='bbox 959 4443 1090 4530; x_wconf 87' lang='lat' dir='ltr'><strong>quidem</strong></span> <span class='ocrx_word' id='word_1_288' title='bbox 1103 4443 1186 4523; x_wconf 88' lang='lat' dir='ltr'><strong>utili,</strong></span> <span class='ocrx_word' id='word_1_289' title='bbox 1201 4444 1288 4530; x_wconf 89' lang='lat' dir='ltr'><strong>quod</strong></span> <span class='ocrx_word' id='word_1_290' title='bbox 1304 4442 1471 4530; x_wconf 88' lang='lat' dir='ltr'><strong>imperitus</strong></span> 
     </span>
     <span class='ocr_line' id='line_1_34' title="bbox 373 4553 1507 4643; baseline -0.009 -20"><span class='ocrx_word' id='word_1_291' title='bbox 373 4554 714 4643; x_wconf 81' lang='lat' dir='ltr'><strong>librariusemargine</strong></span> <span class='ocrx_word' id='word_1_292' title='bbox 728 4553 856 4640; x_wconf 88' lang='lat' dir='ltr'><strong>reeepit.</strong></span> <span class='ocrx_word' id='word_1_293' title='bbox 1501 4576 1507 4596; x_wconf 57' lang='grc' dir='ltr'>ι</span> 
     </span>
     <span class='ocr_line' id='line_1_35' title="bbox 418 4663 1471 4756; baseline -0.003 -22"><span class='ocrx_word' id='word_1_294' title='bbox 418 4669 490 4734; x_wconf 84' lang='grc'><strong>629.</strong></span> <span class='ocrx_word' id='word_1_295' title='bbox 521 4667 597 4756; x_wconf 79' lang='grc' dir='ltr'>φέρε</span> <span class='ocrx_word' id='word_1_296' title='bbox 610 4666 661 4749; x_wconf 80' lang='grc' dir='ltr'><strong>δή·</strong></span> <span class='ocrx_word' id='word_1_297' title='bbox 681 4665 832 4755; x_wconf 70' lang='grc' dir='ltr'>ποτέρους</span> <span class='ocrx_word' id='word_1_298' title='bbox 846 4663 899 4732; x_wconf 81' lang='grc' dir='ltr'><strong>καὶ</strong></span> <span class='ocrx_word' id='word_1_299' title='bbox 912 4663 993 4753; x_wconf 80' lang='grc' dir='ltr'>πρὸς</span> <span class='ocrx_word' id='word_1_300' title='bbox 1006 4664 1141 4754; x_wconf 81' lang='grc' dir='ltr'>πότερον</span> <span class='ocrx_word' id='word_1_301' title='bbox 1155 4665 1292 4732; x_wconf 77' lang='grc' dir='ltr'>ἐπαινῶν</span> <span class='ocrx_word' id='word_1_302' title='bbox 1306 4663 1361 4732; x_wconf 83' lang='grc' dir='ltr'><strong>τὸν</strong></span> <span class='ocrx_word' id='word_1_303' title='bbox 1373 4663 1471 4731; x_wconf 72' lang='grc' dir='ltr'>πόλι-</span> 
     </span>
    </p>
   </div>
   <div class='ocr_carea' id='block_1_7' title="bbox 0 0 1930 5700">
    <p class='ocr_par' dir='ltr' id='par_1_9' title="bbox 0 0 1930 5700">
     <span class='ocr_line' id='line_1_36' title="bbox 0 0 1930 5700; baseline 0 3"><span class='ocrx_word' id='word_1_304' title='bbox 0 0 1930 5700; x_wconf 95' lang='lat' dir='ltr'><strong> </strong></span> 
     </span>
    </p>
   </div>
  </div>
 </body>
</html>
