<?xml version="1.0" encoding="UTF-8"?>
<!DOCTYPE html PUBLIC "-//W3C//DTD XHTML 1.0 Transitional//EN"
    "http://www.w3.org/TR/xhtml1/DTD/xhtml1-transitional.dtd">
<html xmlns="http://www.w3.org/1999/xhtml" xml:lang="en" lang="en">
 <head>
  <title>
</title>
<meta http-equiv="Content-Type" content="text/html;charset=utf-8" />
  <meta name='ocr-system' content='tesseract 3.04.00' />
  <meta name='ocr-capabilities' content='ocr_page ocr_carea ocr_par ocr_line ocrx_word'/>
</head>
<body>
  <div class='ocr_page' id='page_1' title='image "./platonisconvivi00platgoog_0085.png"; bbox 0 0 3850 5700; ppageno 0'>
   <div class='ocr_carea' id='block_1_1' title="bbox 265 754 1501 3574">
    <p class='ocr_par' dir='ltr' id='par_1_1' title="bbox 325 754 1501 2164">
     <span class='ocr_line' id='line_1_1' title="bbox 790 754 1481 845; baseline 0.003 -17"><span class='ocrx_word' id='word_1_1' title='bbox 790 773 1022 828; x_wconf 74' lang='lat' dir='ltr'>m1110210N.</span> <span class='ocrx_word' id='word_1_2' title='bbox 1157 754 1160 760; x_wconf 82' lang='grc'><strong>’</strong></span> <span class='ocrx_word' id='word_1_3' title='bbox 1438 779 1481 845; x_wconf 79' lang='lat'><strong>29</strong></span> 
     </span>
     <span class='ocr_line' id='line_1_2' title="bbox 328 902 1479 1012; baseline 0.002 -24"><span class='ocrx_word' id='word_1_4' title='bbox 328 902 384 1011; x_wconf 86' lang='grc' dir='ltr'><strong>ρος</strong></span> <span class='ocrx_word' id='word_1_5' title='bbox 398 918 604 1008; x_wconf 76' lang='grc' dir='ltr'>δυσμενείας·</span> <span class='ocrx_word' id='word_1_6' title='bbox 634 916 730 1001; x_wconf 85' lang='grc' dir='ltr'><strong>ίλεως</strong></span> <span class='ocrx_word' id='word_1_7' title='bbox 747 911 901 1009; x_wconf 85' lang='grc' dir='ltr'><strong>οἰγαθοίς,</strong></span> <span class='ocrx_word' id='word_1_8' title='bbox 929 914 1044 1001; x_wconf 87' lang='grc' dir='ltr'><strong>θεατός</strong></span> <span class='ocrx_word' id='word_1_9' title='bbox 1061 925 1189 1012; x_wconf 80' lang='grc' dir='ltr'>σοφοῖς,</span> <span class='ocrx_word' id='word_1_10' title='bbox 1217 912 1366 1011; x_wconf 80' lang='grc' dir='ltr'>ἀγαστὸς</span> <span class='ocrx_word' id='word_1_11' title='bbox 1385 922 1479 1003; x_wconf 87' lang='grc' dir='ltr'><strong>θεοίς·</strong></span> 
     </span>
     <span class='ocr_line' id='line_1_3' title="bbox 327 1039 1479 1141; baseline 0.003 -27"><span class='ocrx_word' id='word_1_12' title='bbox 327 1040 469 1135; x_wconf 78' lang='grc' dir='ltr'><strong>ζηλωτός</strong></span> <span class='ocrx_word' id='word_1_13' title='bbox 486 1039 648 1139; x_wconf 87' lang='grc' dir='ltr'><strong>άμοίροις,</strong></span> <span class='ocrx_word' id='word_1_14' title='bbox 675 1041 797 1135; x_wconf 81' lang='grc' dir='ltr'><strong>κτητός</strong></span> <span class='ocrx_word' id='word_1_15' title='bbox 815 1040 990 1140; x_wconf 86' lang='grc' dir='ltr'><strong>εῦμοίροις·</strong></span> <span class='ocrx_word' id='word_1_16' title='bbox 1018 1051 1162 1141; x_wconf 92' lang='grc' dir='ltr'><strong>τρυφῆς,</strong></span> <span class='ocrx_word' id='word_1_17' title='bbox 1190 1042 1386 1141; x_wconf 77' lang='grc' dir='ltr'><strong>ἁβρότητος,</strong></span> <span class='ocrx_word' id='word_1_18' title='bbox 1413 1050 1479 1139; x_wconf 87' lang='grc' dir='ltr'><strong>χλι-</strong></span> 
     </span>
     <span class='ocr_line' id='line_1_4' title="bbox 326 1168 1478 1268; baseline 0.004 -27"><span class='ocrx_word' id='word_1_19' title='bbox 326 1176 405 1263; x_wconf 91' lang='grc' dir='ltr'><strong>δῆς,</strong></span> <span class='ocrx_word' id='word_1_20' title='bbox 431 1173 589 1266; x_wconf 77' lang='grc' dir='ltr'><strong>χαρίτων,</strong></span> <span class='ocrx_word' id='word_1_21' title='bbox 617 1174 743 1267; x_wconf 86' lang='grc' dir='ltr'><strong>ἱμέρου,</strong></span> <span class='ocrx_word' id='word_1_22' title='bbox 772 1170 868 1243; x_wconf 91' lang='grc' dir='ltr'><strong>πόθου</strong></span> <span class='ocrx_word' id='word_1_23' title='bbox 887 1170 1015 1268; x_wconf 85' lang='grc' dir='ltr'><strong>πατῆρ·</strong></span> <span class='ocrx_word' id='word_1_24' title='bbox 1042 1171 1200 1266; x_wconf 80' lang='grc' dir='ltr'><strong>ἐπιμελῆς</strong></span> <span class='ocrx_word' id='word_1_25' title='bbox 1218 1168 1369 1267; x_wconf 89' lang='grc' dir='ltr'><strong>οἰγαθῶν,</strong></span> <span class='ocrx_word' id='word_1_26' title='bbox 1398 1171 1478 1267; x_wconf 87' lang='grc' dir='ltr'><strong>άμε-</strong></span> 
     </span>
     <span class='ocr_line' id='line_1_5' title="bbox 325 1295 1501 1400; baseline 0.006 -32"><span class='ocrx_word' id='word_1_27' title='bbox 325 1295 387 1390; x_wconf 88' lang='grc' dir='ltr'><strong>λῆς</strong></span> <span class='ocrx_word' id='word_1_28' title='bbox 413 1304 542 1371; x_wconf 90' lang='grc' dir='ltr'><strong>κακῶν·</strong></span> <span class='ocrx_word' id='word_1_29' title='bbox 577 1303 607 1370; x_wconf 85' lang='grc' dir='ltr'><strong>έν</strong></span> <span class='ocrx_word' id='word_1_30' title='bbox 633 1303 720 1396; x_wconf 78' lang='grc' dir='ltr'><strong>πλῷ,</strong></span> <span class='ocrx_word' id='word_1_31' title='bbox 754 1303 786 1370; x_wconf 81' lang='grc' dir='ltr'><strong>έν</strong></span> <span class='ocrx_word' id='word_1_32' title='bbox 811 1296 913 1399; x_wconf 80' lang='grc' dir='ltr'><strong>πόνῳ,</strong></span> <span class='ocrx_word' id='word_1_33' title='bbox 949 1304 981 1371; x_wconf 89' lang='grc' dir='ltr'><strong>έν</strong></span> <span class='ocrx_word' id='word_1_34' title='bbox 1010 1297 1098 1400; x_wconf 85' lang='grc' dir='ltr'><strong>φόβφ</strong></span> <span class='ocrx_word' id='word_1_35' title='bbox 1125 1298 1343 1396; x_wconf 80' lang='grc' dir='ltr'><strong>κυβερνήτης,</strong></span> <span class='ocrx_word' id='word_1_36' title='bbox 1371 1329 1501 1399; x_wconf 64' lang='grc' dir='ltr'><strong>παρα-θ</strong></span> 
     </span>
     <span class='ocr_line' id='line_1_6' title="bbox 327 1424 1479 1526; baseline 0.005 -29"><span class='ocrx_word' id='word_1_37' title='bbox 327 1424 466 1518; x_wconf 88' lang='grc' dir='ltr'><strong>στάτης,</strong></span> <span class='ocrx_word' id='word_1_38' title='bbox 492 1424 602 1522; x_wconf 85' lang='grc' dir='ltr'><strong>οωτῆρ</strong></span> <span class='ocrx_word' id='word_1_39' title='bbox 623 1425 768 1522; x_wconf 86' lang='grc' dir='ltr'><strong>άριστος,</strong></span> <span class='ocrx_word' id='word_1_40' title='bbox 797 1424 993 1520; x_wconf 78' lang='grc' dir='ltr'><strong>ξυμπάντων</strong></span> <span class='ocrx_word' id='word_1_41' title='bbox 1011 1455 1048 1499; x_wconf 89' lang='grc' dir='ltr'><strong>τε</strong></span> <span class='ocrx_word' id='word_1_42' title='bbox 1066 1432 1140 1500; x_wconf 88' lang='grc' dir='ltr'><strong>θεῶν</strong></span> <span class='ocrx_word' id='word_1_43' title='bbox 1158 1431 1218 1501; x_wconf 87' lang='grc' dir='ltr'><strong>καὶ</strong></span> <span class='ocrx_word' id='word_1_44' title='bbox 1234 1425 1405 1526; x_wconf 88' lang='grc' dir='ltr'><strong>οἰνθρῶπων</strong></span> <span class='ocrx_word' id='word_1_45' title='bbox 1424 1428 1479 1503; x_wconf 91' lang='grc' dir='ltr'><strong>κό-</strong></span> 
     </span>
     <span class='ocr_line' id='line_1_7' title="bbox 327 1548 1476 1655; baseline 0.005 -31"><span class='ocrx_word' id='word_1_46' title='bbox 327 1579 426 1646; x_wconf 90' lang='grc' dir='ltr'><strong>σμος,</strong></span> <span class='ocrx_word' id='word_1_47' title='bbox 459 1551 587 1648; x_wconf 86' lang='grc' dir='ltr'><strong>ῆγεμῶν</strong></span> <span class='ocrx_word' id='word_1_48' title='bbox 614 1552 790 1640; x_wconf 88' lang='grc' dir='ltr'><strong>κάλλιστος</strong></span> <span class='ocrx_word' id='word_1_49' title='bbox 816 1557 875 1627; x_wconf 87' lang='grc' dir='ltr'><strong>καὶ</strong></span> <span class='ocrx_word' id='word_1_50' title='bbox 899 1552 1051 1652; x_wconf 85' lang='grc' dir='ltr'><strong>άριοτος,</strong></span> <span class='ocrx_word' id='word_1_51' title='bbox 1087 1548 1110 1655; x_wconf 82' lang='grc' dir='ltr'><strong><em>ᾧ</em></strong></span> <span class='ocrx_word' id='word_1_52' title='bbox 1135 1556 1196 1653; x_wconf 87' lang='grc' dir='ltr'><strong>χρῆ</strong></span> <span class='ocrx_word' id='word_1_53' title='bbox 1221 1560 1353 1630; x_wconf 81' lang='grc' dir='ltr'><strong>ἕπεσθαι</strong></span> <span class='ocrx_word' id='word_1_54' title='bbox 1380 1555 1476 1631; x_wconf 87' lang='grc' dir='ltr'><strong>πάντ’</strong></span> 
     </span>
     <span class='ocr_line' id='line_1_8' title="bbox 326 1680 1478 1783; baseline 0.003 -30"><span class='ocrx_word' id='word_1_55' title='bbox 326 1680 433 1779; x_wconf 81' lang='grc' dir='ltr'><strong>ἄνδρα</strong></span> <span class='ocrx_word' id='word_1_56' title='bbox 449 1686 656 1777; x_wconf 79' lang='grc' dir='ltr'><strong>ἐφυμνοῦντα</strong></span> <span class='ocrx_word' id='word_1_57' title='bbox 672 1687 794 1771; x_wconf 88' lang='grc' dir='ltr'><strong>καλῶς,</strong></span> <span class='ocrx_word' id='word_1_58' title='bbox 822 1689 930 1777; x_wconf 88' lang='grc' dir='ltr'><strong>καλῆς</strong></span> <span class='ocrx_word' id='word_1_59' title='bbox 944 1680 1033 1781; x_wconf 78' lang='grc' dir='ltr'><strong>ηἰδῆς</strong></span> <span class='ocrx_word' id='word_1_60' title='bbox 1051 1691 1239 1777; x_wconf 78' lang='grc' dir='ltr'><strong>μετέχοντα,</strong></span> <span class='ocrx_word' id='word_1_61' title='bbox 1266 1681 1306 1776; x_wconf 90' lang='grc' dir='ltr'><strong>ῆν</strong></span> <span class='ocrx_word' id='word_1_62' title='bbox 1324 1683 1396 1783; x_wconf 81' lang='grc' dir='ltr'><strong>ᾄδει</strong></span> <span class='ocrx_word' id='word_1_63' title='bbox 1411 1690 1478 1758; x_wconf 77' lang='grc' dir='ltr'><strong>θέλ·</strong></span> 
     </span>
     <span class='ocr_line' id='line_1_9' title="bbox 326 1804 1475 1911; baseline 0.004 -30"><span class='ocrx_word' id='word_1_64' title='bbox 326 1837 391 1901; x_wconf 87' lang='grc' dir='ltr'><strong>γων</strong></span> <span class='ocrx_word' id='word_1_65' title='bbox 409 1808 538 1883; x_wconf 92' lang='grc' dir='ltr'><strong>πάντων</strong></span> <span class='ocrx_word' id='word_1_66' title='bbox 557 1813 633 1883; x_wconf 91' lang='grc' dir='ltr'><strong>θεῶν</strong></span> <span class='ocrx_word' id='word_1_67' title='bbox 651 1837 686 1882; x_wconf 83' lang='grc' dir='ltr'><strong>τε</strong></span> <span class='ocrx_word' id='word_1_68' title='bbox 701 1812 761 1904; x_wconf 87' lang='grc' dir='ltr'><strong>καὶ</strong></span> <span class='ocrx_word' id='word_1_69' title='bbox 776 1808 947 1907; x_wconf 85' lang='grc' dir='ltr'><strong>άνθρῶπων</strong></span> <span class='ocrx_word' id='word_1_70' title='bbox 964 1809 1082 1905; x_wconf 88' lang='grc' dir='ltr'><strong>νόημα.</strong></span> <span class='ocrx_word' id='word_1_71' title='bbox 1120 1804 1237 1901; x_wconf 85' lang='grc' dir='ltr'><strong>Οῦτος,</strong></span> <span class='ocrx_word' id='word_1_72' title='bbox 1265 1818 1340 1910; x_wconf 82' lang='grc' dir='ltr'><strong>ἔφη,</strong></span> <span class='ocrx_word' id='word_1_73' title='bbox 1368 1811 1383 1886; x_wconf 89' lang='grc' dir='ltr'><strong>ό</strong></span> <span class='ocrx_word' id='word_1_74' title='bbox 1401 1812 1475 1911; x_wconf 84' lang='grc' dir='ltr'><strong>παρ’</strong></span> 
     </span>
     <span class='ocr_line' id='line_1_10' title="bbox 326 1930 1476 2038; baseline 0.003 -28"><span class='ocrx_word' id='word_1_75' title='bbox 326 1943 406 2032; x_wconf 80' lang='grc' dir='ltr'><strong>ἐμοῦ</strong></span> <span class='ocrx_word' id='word_1_76' title='bbox 432 1935 544 2032; x_wconf 83' lang='grc' dir='ltr'><strong>λόγος,</strong></span> <span class='ocrx_word' id='word_1_77' title='bbox 573 1930 597 2010; x_wconf 85' lang='grc' dir='ltr'><strong>ῶ</strong></span> <span class='ocrx_word' id='word_1_78' title='bbox 622 1941 766 2035; x_wconf 69' lang='grc' dir='ltr'><strong>Φαῶρε,</strong></span> <span class='ocrx_word' id='word_1_79' title='bbox 793 1946 838 2037; x_wconf 82' lang='grc' dir='ltr'><strong>τῷ</strong></span> <span class='ocrx_word' id='word_1_80' title='bbox 867 1936 1153 2038; x_wconf 80' lang='grc' dir='ltr'><strong>θεῷ-ἀνακείσθω,</strong></span> <span class='ocrx_word' id='word_1_81' title='bbox 1180 1938 1226 2013; x_wconf 89' lang='grc' dir='ltr'><strong>τά</strong></span> <span class='ocrx_word' id='word_1_82' title='bbox 1251 1944 1307 2035; x_wconf 90' lang='grc' dir='ltr'><strong>μὲν</strong></span> <span class='ocrx_word' id='word_1_83' title='bbox 1330 1949 1476 2030; x_wconf 83' lang='grc' dir='ltr'><strong>παιδιᾶς,</strong></span> 
     </span>
     <span class='ocr_line' id='line_1_11' title="bbox 325 2063 1437 2164; baseline 0.003 -26"><span class='ocrx_word' id='word_1_84' title='bbox 325 2066 372 2138; x_wconf 91' lang='grc' dir='ltr'><strong>τοὶ</strong></span> <span class='ocrx_word' id='word_1_85' title='bbox 397 2068 432 2138; x_wconf 85' lang='grc' dir='ltr'>δέ</span> <span class='ocrx_word' id='word_1_86' title='bbox 459 2071 607 2158; x_wconf 77' lang='grc' dir='ltr'><strong>σπουδῆς</strong></span> <span class='ocrx_word' id='word_1_87' title='bbox 633 2068 784 2164; x_wconf 88' lang='grc' dir='ltr'><strong>μετρίας,</strong></span> <span class='ocrx_word' id='word_1_88' title='bbox 810 2063 881 2138; x_wconf 92' lang='grc' dir='ltr'><strong>καθ’</strong></span> <span class='ocrx_word' id='word_1_89' title='bbox 910 2064 983 2139; x_wconf 82' lang='grc' dir='ltr'><strong>ὅσον</strong></span> <span class='ocrx_word' id='word_1_90' title='bbox 1011 2066 1073 2162; x_wconf 89' lang='grc' dir='ltr'><strong>έγῶ</strong></span> <span class='ocrx_word' id='word_1_91' title='bbox 1099 2066 1261 2163; x_wconf 89' lang='grc' dir='ltr'><strong>δῦναμαι,</strong></span> <span class='ocrx_word' id='word_1_92' title='bbox 1289 2076 1437 2164; x_wconf 85' lang='grc' dir='ltr'><strong>μετέχων.</strong></span> 
     </span>
    </p>

    <p class='ocr_par' dir='ltr' id='par_1_2' title="bbox 265 2190 1501 3574">
     <span class='ocr_line' id='line_1_12' title="bbox 265 2190 1501 2294; baseline 0.009 -35"><span class='ocrx_word' id='word_1_93' title='bbox 265 2214 317 2261; x_wconf 82' lang='grc' dir='ltr'><strong>ιοο</strong></span> <span class='ocrx_word' id='word_1_94' title='bbox 404 2198 478 2265; x_wconf 83' lang='grc' dir='ltr'><strong>ΧΧ.</strong></span> <span class='ocrx_word' id='word_1_95' title='bbox 532 2190 692 2279; x_wconf 75' lang='grc' dir='ltr'><strong>Εἰπόντος</strong></span> <span class='ocrx_word' id='word_1_96' title='bbox 706 2196 743 2266; x_wconf 84' lang='grc' dir='ltr'><strong>δέ</strong></span> <span class='ocrx_word' id='word_1_97' title='bbox 762 2200 819 2267; x_wconf 85' lang='grc' dir='ltr'><strong>τοῦ</strong></span> <span class='ocrx_word' id='word_1_98' title='bbox 836 2191 1038 2288; x_wconf 85' lang='grc' dir='ltr'><strong>Ἀγάθωνος,</strong></span> <span class='ocrx_word' id='word_1_99' title='bbox 1067 2194 1198 2284; x_wconf 89' lang='grc' dir='ltr'><strong>πάντας</strong></span> <span class='ocrx_word' id='word_1_100' title='bbox 1217 2202 1280 2294; x_wconf 79' lang='grc' dir='ltr'><strong>ἔφη</strong></span> <span class='ocrx_word' id='word_1_101' title='bbox 1298 2195 1314 2269; x_wconf 87' lang='grc' dir='ltr'><strong>ό</strong></span> <span class='ocrx_word' id='word_1_102' title='bbox 1332 2195 1501 2294; x_wconf 71' lang='grc' dir='ltr'><strong>Ἀριστό-ιι</strong></span> 
     </span>
     <span class='ocr_line' id='line_1_13' title="bbox 324 2318 1476 2422; baseline 0.003 -27"><span class='ocrx_word' id='word_1_103' title='bbox 324 2329 430 2416; x_wconf 92' lang='grc' dir='ltr'><strong>δημσς</strong></span> <span class='ocrx_word' id='word_1_104' title='bbox 449 2318 694 2417; x_wconf 88' lang='grc' dir='ltr'><strong>οἰναθορυβῆσαι</strong></span> <span class='ocrx_word' id='word_1_105' title='bbox 717 2318 792 2407; x_wconf 85' lang='grc' dir='ltr'><strong>τοῦς</strong></span> <span class='ocrx_word' id='word_1_106' title='bbox 818 2320 1000 2419; x_wconf 89' lang='grc' dir='ltr'><strong>παρόντας,</strong></span> <span class='ocrx_word' id='word_1_107' title='bbox 1027 2320 1070 2409; x_wconf 83' lang='grc' dir='ltr'><strong>ῶς</strong></span> <span class='ocrx_word' id='word_1_108' title='bbox 1092 2322 1277 2422; x_wconf 83' lang='grc' dir='ltr'><strong>πρεπόντως</strong></span> <span class='ocrx_word' id='word_1_109' title='bbox 1296 2330 1356 2399; x_wconf 88' lang='grc' dir='ltr'><strong>τοῦ</strong></span> <span class='ocrx_word' id='word_1_110' title='bbox 1374 2330 1476 2399; x_wconf 85' lang='grc' dir='ltr'><strong>νεανί-</strong></span> 
     </span>
     <span class='ocr_line' id='line_1_14' title="bbox 325 2445 1476 2551; baseline 0.004 -28"><span class='ocrx_word' id='word_1_111' title='bbox 325 2477 407 2523; x_wconf 88' lang='grc' dir='ltr'><strong>σκου</strong></span> <span class='ocrx_word' id='word_1_112' title='bbox 427 2446 593 2546; x_wconf 78' lang='grc' dir='ltr'><strong>εἰρηκότος</strong></span> <span class='ocrx_word' id='word_1_113' title='bbox 611 2450 669 2521; x_wconf 90' lang='grc' dir='ltr'><strong>καὶ</strong></span> <span class='ocrx_word' id='word_1_114' title='bbox 686 2446 777 2548; x_wconf 70' lang='grc' dir='ltr'><strong>αὐτῷ</strong></span> <span class='ocrx_word' id='word_1_115' title='bbox 799 2452 858 2522; x_wconf 90' lang='grc' dir='ltr'><strong>καὶ</strong></span> <span class='ocrx_word' id='word_1_116' title='bbox 875 2458 920 2550; x_wconf 76' lang='grc' dir='ltr'><strong>τῶ</strong></span> <span class='ocrx_word' id='word_1_117' title='bbox 935 2455 1003 2551; x_wconf 79' lang='grc' dir='ltr'><strong>θεῷ.</strong></span> <span class='ocrx_word' id='word_1_118' title='bbox 1044 2449 1100 2525; x_wconf 87' lang='grc' dir='ltr'><strong>τόν</strong></span> <span class='ocrx_word' id='word_1_119' title='bbox 1121 2445 1175 2525; x_wconf 78' lang='grc' dir='ltr'><strong>οῦν</strong></span> <span class='ocrx_word' id='word_1_120' title='bbox 1194 2452 1361 2550; x_wconf 80' lang='grc' dir='ltr'><strong>Σωκράτη</strong></span> <span class='ocrx_word' id='word_1_121' title='bbox 1378 2459 1476 2528; x_wconf 81' lang='grc' dir='ltr'><strong>εἰπεῖν</strong></span> 
     </span>
     <span class='ocr_line' id='line_1_15' title="bbox 324 2571 1479 2679; baseline 0.004 -29"><span class='ocrx_word' id='word_1_122' title='bbox 324 2580 497 2675; x_wconf 79' lang='grc' dir='ltr'><strong>βλέψαντα</strong></span> <span class='ocrx_word' id='word_1_123' title='bbox 519 2580 565 2663; x_wconf 84' lang='grc' dir='ltr'><strong>εἰς</strong></span> <span class='ocrx_word' id='word_1_124' title='bbox 582 2574 635 2649; x_wconf 86' lang='grc' dir='ltr'><strong>τόν</strong></span> <span class='ocrx_word' id='word_1_125' title='bbox 651 2573 888 2674; x_wconf 79' lang='grc' dir='ltr'><strong>Ἐρυξίμαχον,</strong></span> <span class='ocrx_word' id='word_1_126' title='bbox 909 2571 1000 2676; x_wconf 75' lang='grc' dir='ltr'><strong>Ἀρά</strong></span> <span class='ocrx_word' id='word_1_127' title='bbox 1017 2608 1068 2653; x_wconf 83' lang='grc' dir='ltr'><strong>σοι</strong></span> <span class='ocrx_word' id='word_1_128' title='bbox 1090 2587 1195 2670; x_wconf 88' lang='grc' dir='ltr'><strong>δοκῶ,</strong></span> <span class='ocrx_word' id='word_1_129' title='bbox 1222 2579 1343 2679; x_wconf 82' lang='grc' dir='ltr'><strong>φάναι,</strong></span> <span class='ocrx_word' id='word_1_130' title='bbox 1371 2576 1395 2655; x_wconf 87' lang='grc' dir='ltr'><strong>ῶ</strong></span> <span class='ocrx_word' id='word_1_131' title='bbox 1415 2592 1479 2656; x_wconf 83' lang='grc' dir='ltr'><strong>παῖ</strong></span> 
     </span>
     <span class='ocr_line' id='line_1_16' title="bbox 321 2702 1476 2804; baseline 0.005 -26"><span class='ocrx_word' id='word_1_132' title='bbox 321 2703 539 2801; x_wconf 88' lang='grc' dir='ltr'><strong>Ἀκουμενοῦ,</strong></span> <span class='ocrx_word' id='word_1_133' title='bbox 568 2702 661 2791; x_wconf 87' lang='grc' dir='ltr'><strong>οἰδεὲς</strong></span> <span class='ocrx_word' id='word_1_134' title='bbox 684 2703 790 2778; x_wconf 88' lang='grc' dir='ltr'><strong>πάλαι</strong></span> <span class='ocrx_word' id='word_1_135' title='bbox 809 2713 880 2793; x_wconf 94' lang='grc' dir='ltr'><strong>δέος</strong></span> <span class='ocrx_word' id='word_1_136' title='bbox 905 2713 1060 2798; x_wconf 78' lang='grc' dir='ltr'><strong>δεδιέναι,</strong></span> <span class='ocrx_word' id='word_1_137' title='bbox 1087 2706 1160 2782; x_wconf 78' lang='grc' dir='ltr'><strong>ἀλλ’</strong></span> <span class='ocrx_word' id='word_1_138' title='bbox 1183 2707 1220 2782; x_wconf 82' lang='grc' dir='ltr'><strong>οῦ</strong></span> <span class='ocrx_word' id='word_1_139' title='bbox 1241 2718 1424 2804; x_wconf 80' lang='grc' dir='ltr'><strong>μαντικῶς,</strong></span> <span class='ocrx_word' id='word_1_140' title='bbox 1452 2709 1476 2784; x_wconf 85' lang='grc' dir='ltr'><strong>οἳ</strong></span> 
     </span>
     <span class='ocr_line' id='line_1_17' title="bbox 322 2812 1474 2936; baseline 0.005 -29"><span class='ocrx_word' id='word_1_141' title='bbox 322 2838 383 2908; x_wconf 90' lang='grc' dir='ltr'><strong>νῦν</strong></span> <span class='ocrx_word' id='word_1_142' title='bbox 403 2832 446 2930; x_wconf 89' lang='grc' dir='ltr'><strong>δῆ</strong></span> <span class='ocrx_word' id='word_1_143' title='bbox 470 2812 598 2927; x_wconf 82' lang='grc' dir='ltr'><strong>έλεγον,</strong></span> <span class='ocrx_word' id='word_1_144' title='bbox 626 2837 741 2923; x_wconf 81' lang='grc' dir='ltr'><strong>εἰπεῖν,</strong></span> <span class='ocrx_word' id='word_1_145' title='bbox 769 2832 820 2908; x_wconf 86' lang='grc' dir='ltr'><strong>ότι</strong></span> <span class='ocrx_word' id='word_1_146' title='bbox 837 2832 984 2930; x_wconf 85' lang='grc' dir='ltr'><strong>Ἀγάθων</strong></span> <span class='ocrx_word' id='word_1_147' title='bbox 1005 2841 1204 2933; x_wconf 81' lang='grc' dir='ltr'><strong>θαυμαστῶς</strong></span> <span class='ocrx_word' id='word_1_148' title='bbox 1227 2842 1330 2936; x_wconf 86' lang='grc' dir='ltr'><strong>έροίη,</strong></span> <span class='ocrx_word' id='word_1_149' title='bbox 1358 2838 1420 2933; x_wconf 83' lang='grc' dir='ltr'><strong>έγῶ</strong></span> <span class='ocrx_word' id='word_1_150' title='bbox 1446 2838 1474 2913; x_wconf 85' lang='grc' dir='ltr'><strong>δ’</strong></span> 
     </span>
     <span class='ocr_line' id='line_1_18' title="bbox 322 2960 1476 3062; baseline 0.005 -27"><span class='ocrx_word' id='word_1_151' title='bbox 322 2960 541 3058; x_wconf 86' lang='grc' dir='ltr'><strong>οἰπορῆσοιμι;</strong></span> <span class='ocrx_word' id='word_1_152' title='bbox 569 2960 614 3035; x_wconf 84' lang='grc' dir='ltr'><strong>Τό</strong></span> <span class='ocrx_word' id='word_1_153' title='bbox 634 2965 689 3055; x_wconf 84' lang='grc' dir='ltr'><strong>μὲν</strong></span> <span class='ocrx_word' id='word_1_154' title='bbox 709 2966 833 3059; x_wconf 81' lang='grc' dir='ltr'><strong>ἕτερον,</strong></span> <span class='ocrx_word' id='word_1_155' title='bbox 861 2961 966 3060; x_wconf 90' lang='grc' dir='ltr'><strong>φάναι</strong></span> <span class='ocrx_word' id='word_1_156' title='bbox 982 2963 1037 3038; x_wconf 87' lang='grc' dir='ltr'><strong>τόν</strong></span> <span class='ocrx_word' id='word_1_157' title='bbox 1053 2963 1284 3062; x_wconf 80' lang='grc' dir='ltr'><strong>Ἐρυξίμαχον,</strong></span> <span class='ocrx_word' id='word_1_158' title='bbox 1312 2976 1476 3061; x_wconf 79' lang='grc' dir='ltr'><strong>μαντικῶς</strong></span> 
     </span>
     <span class='ocr_line' id='line_1_19' title="bbox 307 3066 1475 3192; baseline 0.004 -29"><span class='ocrx_word' id='word_1_159' title='bbox 307 3107 380 3186; x_wconf 87' lang='grc' dir='ltr'><strong>Ιμοι</strong></span> <span class='ocrx_word' id='word_1_160' title='bbox 398 3098 487 3164; x_wconf 81' lang='grc' dir='ltr'><strong>δοκεῖ</strong></span> <span class='ocrx_word' id='word_1_161' title='bbox 506 3066 686 3188; x_wconf 83' lang='grc' dir='ltr'><strong>εἰρηκέναι,</strong></span> <span class='ocrx_word' id='word_1_162' title='bbox 714 3090 764 3164; x_wconf 88' lang='grc' dir='ltr'><strong>ότι</strong></span> <span class='ocrx_word' id='word_1_163' title='bbox 781 3088 928 3185; x_wconf 84' lang='grc' dir='ltr'><strong>Ἀγάθων</strong></span> <span class='ocrx_word' id='word_1_164' title='bbox 952 3087 987 3166; x_wconf 88' lang='grc' dir='ltr'><strong>εῦ</strong></span> <span class='ocrx_word' id='word_1_165' title='bbox 1004 3097 1089 3190; x_wconf 76' lang='grc' dir='ltr'><strong>έρεί·</strong></span> <span class='ocrx_word' id='word_1_166' title='bbox 1117 3091 1154 3167; x_wconf 87' lang='grc' dir='ltr'><strong>τό</strong></span> <span class='ocrx_word' id='word_1_167' title='bbox 1168 3098 1205 3167; x_wconf 85' lang='grc' dir='ltr'><strong>δὲ</strong></span> <span class='ocrx_word' id='word_1_168' title='bbox 1227 3098 1264 3168; x_wconf 84' lang='grc' dir='ltr'><strong>σὲ</strong></span> <span class='ocrx_word' id='word_1_169' title='bbox 1286 3093 1475 3192; x_wconf 85' lang='grc' dir='ltr'><strong>άπορῆσειν,</strong></span> 
     </span>
     <span class='ocr_line' id='line_1_20' title="bbox 323 3212 1500 3321; baseline 0.005 -29"><span class='ocrx_word' id='word_1_170' title='bbox 323 3217 389 3292; x_wconf 82' lang='grc' dir='ltr'><strong>οῦκ</strong></span> <span class='ocrx_word' id='word_1_171' title='bbox 415 3218 514 3313; x_wconf 75' lang='grc' dir='ltr'><strong>οἶμαι.</strong></span> <span class='ocrx_word' id='word_1_172' title='bbox 568 3221 635 3291; x_wconf 82' lang='grc' dir='ltr'><strong>Καὶ</strong></span> <span class='ocrx_word' id='word_1_173' title='bbox 661 3225 747 3305; x_wconf 87' lang='grc' dir='ltr'><strong>πῶς,</strong></span> <span class='ocrx_word' id='word_1_174' title='bbox 782 3212 806 3291; x_wconf 82' lang='grc' dir='ltr'><strong>ῶ</strong></span> <span class='ocrx_word' id='word_1_175' title='bbox 835 3218 997 3318; x_wconf 81' lang='grc' dir='ltr'><strong>μακάριε,</strong></span> <span class='ocrx_word' id='word_1_176' title='bbox 1024 3226 1122 3295; x_wconf 80' lang='grc' dir='ltr'><strong>εἰπεῖν</strong></span> <span class='ocrx_word' id='word_1_177' title='bbox 1147 3221 1201 3295; x_wconf 88' lang='grc' dir='ltr'><strong>τόν</strong></span> <span class='ocrx_word' id='word_1_178' title='bbox 1222 3221 1408 3321; x_wconf 82' lang='grc' dir='ltr'><strong>Σωκράτη,</strong></span> <span class='ocrx_word' id='word_1_179' title='bbox 1436 3223 1500 3298; x_wconf 75' lang='grc' dir='ltr'><strong>σῦθ</strong></span> 
     </span>
     <span class='ocr_line' id='line_1_21' title="bbox 322 3344 1475 3448; baseline 0.006 -29"><span class='ocrx_word' id='word_1_180' title='bbox 322 3353 431 3442; x_wconf 87' lang='grc' dir='ltr'><strong>μέλλω</strong></span> <span class='ocrx_word' id='word_1_181' title='bbox 451 3346 581 3443; x_wconf 85' lang='grc' dir='ltr'><strong>άπορείν</strong></span> <span class='ocrx_word' id='word_1_182' title='bbox 599 3344 694 3441; x_wconf 87' lang='grc' dir='ltr'><strong>κάγῶ</strong></span> <span class='ocrx_word' id='word_1_183' title='bbox 718 3350 778 3420; x_wconf 90' lang='grc' dir='ltr'><strong>καί</strong></span> <span class='ocrx_word' id='word_1_184' title='bbox 801 3345 901 3435; x_wconf 87' lang='grc' dir='ltr'><strong>άλλος</strong></span> <span class='ocrx_word' id='word_1_185' title='bbox 925 3345 1092 3440; x_wconf 80' lang='grc' dir='ltr'><strong>ὁστισοῦν,</strong></span> <span class='ocrx_word' id='word_1_186' title='bbox 1119 3355 1242 3445; x_wconf 79' lang='grc' dir='ltr'><strong>μέλλων</strong></span> <span class='ocrx_word' id='word_1_187' title='bbox 1263 3353 1362 3440; x_wconf 88' lang='grc' dir='ltr'><strong>λέξειν</strong></span> <span class='ocrx_word' id='word_1_188' title='bbox 1390 3351 1475 3448; x_wconf 87' lang='grc' dir='ltr'><strong>μετά</strong></span> 
     </span>
     <span class='ocr_line' id='line_1_22' title="bbox 320 3474 1475 3574; baseline 0.005 -25"><span class='ocrx_word' id='word_1_189' title='bbox 320 3474 426 3549; x_wconf 89' lang='grc' dir='ltr'><strong>καλόν</strong></span> <span class='ocrx_word' id='word_1_190' title='bbox 444 3474 529 3548; x_wconf 72' lang='grc' dir='ltr'><strong>οὕτω</strong></span> <span class='ocrx_word' id='word_1_191' title='bbox 549 3476 610 3547; x_wconf 91' lang='grc' dir='ltr'><strong>καὶ</strong></span> <span class='ocrx_word' id='word_1_192' title='bbox 625 3474 835 3553; x_wconf 86' lang='grc' dir='ltr'><strong>παντοδαπόν</strong></span> <span class='ocrx_word' id='word_1_193' title='bbox 857 3475 953 3571; x_wconf 87' lang='grc' dir='ltr'><strong>λόγον</strong></span> <span class='ocrx_word' id='word_1_194' title='bbox 976 3480 1129 3572; x_wconf 78' lang='grc' dir='ltr'><strong>ρηθέντας</strong></span> <span class='ocrx_word' id='word_1_195' title='bbox 1158 3481 1216 3551; x_wconf 88' lang='grc' dir='ltr'><strong>καί</strong></span> <span class='ocrx_word' id='word_1_196' title='bbox 1235 3479 1282 3552; x_wconf 89' lang='grc' dir='ltr'><strong>τά</strong></span> <span class='ocrx_word' id='word_1_197' title='bbox 1301 3484 1357 3574; x_wconf 84' lang='grc' dir='ltr'><strong>μὲν</strong></span> <span class='ocrx_word' id='word_1_198' title='bbox 1384 3479 1475 3555; x_wconf 89' lang='grc' dir='ltr'><strong>άλλα</strong></span> 
     </span>
    </p>
   </div>
   <div class='ocr_carea' id='block_1_2' title="bbox 322 3600 1475 3698">
    <p class='ocr_par' dir='ltr' id='par_1_3' title="bbox 322 3600 1475 3698">
     <span class='ocr_line' id='line_1_23' title="bbox 322 3600 1475 3698; baseline 0.007 -23"><span class='ocrx_word' id='word_1_199' title='bbox 322 3600 386 3697; x_wconf 83' lang='grc' dir='ltr'><strong>οῦχ</strong></span> <span class='ocrx_word' id='word_1_200' title='bbox 404 3601 521 3697; x_wconf 81' lang='grc' dir='ltr'><strong>ὁμοίως</strong></span> <span class='ocrx_word' id='word_1_201' title='bbox 536 3609 603 3697; x_wconf 89' lang='grc' dir='ltr'><strong>μέν,</strong></span> <span class='ocrx_word' id='word_1_202' title='bbox 631 3602 811 3696; x_wconf 88' lang='grc' dir='ltr'><strong>θαυμαστά</strong></span> <span class='ocrx_word' id='word_1_203' title='bbox 826 3610 879 3677; x_wconf 88' lang='grc' dir='ltr'><strong>δέ·</strong></span> <span class='ocrx_word' id='word_1_204' title='bbox 907 3603 944 3677; x_wconf 87' lang='grc' dir='ltr'><strong>τό</strong></span> <span class='ocrx_word' id='word_1_205' title='bbox 961 3602 990 3677; x_wconf 83' lang='grc' dir='ltr'><strong>δ’</strong></span> <span class='ocrx_word' id='word_1_206' title='bbox 1009 3608 1061 3678; x_wconf 79' lang='grc' dir='ltr'><strong>ἐπὶ</strong></span> <span class='ocrx_word' id='word_1_207' title='bbox 1079 3614 1237 3698; x_wconf 74' lang='grc' dir='ltr'><strong>τελευτῆς</strong></span> <span class='ocrx_word' id='word_1_208' title='bbox 1255 3615 1314 3680; x_wconf 88' lang='grc' dir='ltr'><strong>τοῦ</strong></span> <span class='ocrx_word' id='word_1_209' title='bbox 1331 3606 1475 3696; x_wconf 88' lang='grc' dir='ltr'><strong>κάλλους</strong></span> 
     </span>
    </p>
   </div>
   <div class='ocr_carea' id='block_1_3' title="bbox 290 3728 1499 4985">
    <p class='ocr_par' dir='ltr' id='par_1_4' title="bbox 290 3728 1499 4985">
     <span class='ocr_line' id='line_1_24' title="bbox 320 3728 1475 3829; baseline 0.005 -25"><span class='ocrx_word' id='word_1_210' title='bbox 320 3735 389 3804; x_wconf 84' lang='grc' dir='ltr'><strong>τῶν</strong></span> <span class='ocrx_word' id='word_1_211' title='bbox 407 3728 574 3825; x_wconf 85' lang='grc' dir='ltr'><strong>όνομάτων</strong></span> <span class='ocrx_word' id='word_1_212' title='bbox 589 3734 650 3804; x_wconf 92' lang='grc' dir='ltr'><strong>καὶ</strong></span> <span class='ocrx_word' id='word_1_213' title='bbox 669 3730 823 3828; x_wconf 75' lang='grc' dir='ltr'><strong>βημάτων)</strong></span> <span class='ocrx_word' id='word_1_214' title='bbox 840 3736 890 3818; x_wconf 92' lang='grc' dir='ltr'><strong>τίς</strong></span> <span class='ocrx_word' id='word_1_215' title='bbox 909 3729 971 3806; x_wconf 81' lang='grc' dir='ltr'><strong>οῦκ</strong></span> <span class='ocrx_word' id='word_1_216' title='bbox 988 3731 1028 3805; x_wconf 87' lang='grc' dir='ltr'><strong>άν</strong></span> <span class='ocrx_word' id='word_1_217' title='bbox 1046 3732 1211 3829; x_wconf 84' lang='grc' dir='ltr'><strong>ἐξεπλάγη</strong></span> <span class='ocrx_word' id='word_1_218' title='bbox 1229 3731 1378 3822; x_wconf 79' lang='grc' dir='ltr'><strong>άκοόωνς</strong></span> <span class='ocrx_word' id='word_1_219' title='bbox 1406 3741 1475 3810; x_wconf 80' lang='grc' dir='ltr'><strong>ἐπεὶ</strong></span> 
     </span>
     <span class='ocr_line' id='line_1_25' title="bbox 321 3856 1475 3960; baseline 0.005 -29"><span class='ocrx_word' id='word_1_220' title='bbox 321 3856 417 3954; x_wconf 80' lang='grc' dir='ltr'><strong>ἔγωγ’</strong></span> <span class='ocrx_word' id='word_1_221' title='bbox 448 3857 691 3954; x_wconf 78' lang='grc' dir='ltr'><strong>ἐνθυμούμενος,</strong></span> <span class='ocrx_word' id='word_1_222' title='bbox 720 3859 771 3932; x_wconf 87' lang='grc' dir='ltr'><strong>ότι</strong></span> <span class='ocrx_word' id='word_1_223' title='bbox 794 3857 896 3946; x_wconf 85' lang='grc' dir='ltr'><strong>αῦτός</strong></span> <span class='ocrx_word' id='word_1_224' title='bbox 921 3858 980 3955; x_wconf 87' lang='grc' dir='ltr'><strong>οῦχ</strong></span> <span class='ocrx_word' id='word_1_225' title='bbox 1005 3859 1069 3947; x_wconf 84' lang='grc' dir='ltr'><strong>οἰός</strong></span> <span class='ocrx_word' id='word_1_226' title='bbox 1094 3859 1122 3935; x_wconf 85' lang='grc' dir='ltr'><strong>τ’</strong></span> <span class='ocrx_word' id='word_1_227' title='bbox 1143 3856 1259 3956; x_wconf 78' lang='grc' dir='ltr'><strong>ἔσομαι</strong></span> <span class='ocrx_word' id='word_1_228' title='bbox 1284 3861 1348 3937; x_wconf 73' lang='grc' dir='ltr'><strong>οὐδ’</strong></span> <span class='ocrx_word' id='word_1_229' title='bbox 1377 3864 1475 3960; x_wconf 83' lang='grc' dir='ltr'><strong>έγγῦς</strong></span> 
     </span>
     <span class='ocr_line' id='line_1_26' title="bbox 319 3984 1497 4093; baseline 0.005 -33"><span class='ocrx_word' id='word_1_230' title='bbox 319 3984 447 4060; x_wconf 72' lang='grc' dir='ltr'><strong>τούτων</strong></span> <span class='ocrx_word' id='word_1_231' title='bbox 467 3985 557 4061; x_wconf 83' lang='grc' dir='ltr'><strong>οῦδὲν</strong></span> <span class='ocrx_word' id='word_1_232' title='bbox 579 3987 681 4061; x_wconf 86' lang='grc' dir='ltr'><strong>καλὸν</strong></span> <span class='ocrx_word' id='word_1_233' title='bbox 704 3992 819 4079; x_wconf 80' lang='grc' dir='ltr'><strong>εἰπεῖν,</strong></span> <span class='ocrx_word' id='word_1_234' title='bbox 845 3986 899 4062; x_wconf 77' lang='grc' dir='ltr'><strong>ὑπ’</strong></span> <span class='ocrx_word' id='word_1_235' title='bbox 920 3987 1078 4084; x_wconf 79' lang='grc' dir='ltr'><strong>αἰσχύνης</strong></span> <span class='ocrx_word' id='word_1_236' title='bbox 1096 3987 1207 4085; x_wconf 89' lang='grc' dir='ltr'><strong>όλίγου</strong></span> <span class='ocrx_word' id='word_1_237' title='bbox 1226 3989 1375 4089; x_wconf 84' lang='grc' dir='ltr'><strong>άποδροὶς</strong></span> <span class='ocrx_word' id='word_1_238' title='bbox 1396 3990 1497 4093; x_wconf 69' lang='grc' dir='ltr'><strong>ηἰχό-ο</strong></span> 
     </span>
     <span class='ocr_line' id='line_1_27' title="bbox 321 4114 1473 4214; baseline 0.007 -28"><span class='ocrx_word' id='word_1_239' title='bbox 321 4142 407 4211; x_wconf 84' lang='grc' dir='ltr'><strong>μην,</strong></span> <span class='ocrx_word' id='word_1_240' title='bbox 434 4120 463 4188; x_wconf 90' lang='grc' dir='ltr'><strong>εἰ</strong></span> <span class='ocrx_word' id='word_1_241' title='bbox 479 4144 528 4211; x_wconf 86' lang='grc' dir='ltr'><strong>πη</strong></span> <span class='ocrx_word' id='word_1_242' title='bbox 551 4114 640 4211; x_wconf 86' lang='grc' dir='ltr'><strong>εἰχον.</strong></span> <span class='ocrx_word' id='word_1_243' title='bbox 694 4119 754 4189; x_wconf 91' lang='grc' dir='ltr'><strong>καὶ</strong></span> <span class='ocrx_word' id='word_1_244' title='bbox 772 4114 837 4214; x_wconf 89' lang='grc' dir='ltr'><strong>γάρ</strong></span> <span class='ocrx_word' id='word_1_245' title='bbox 861 4145 900 4211; x_wconf 89' lang='grc' dir='ltr'><strong>με</strong></span> <span class='ocrx_word' id='word_1_246' title='bbox 915 4121 1050 4214; x_wconf 90' lang='grc' dir='ltr'><strong>Γοργίου</strong></span> <span class='ocrx_word' id='word_1_247' title='bbox 1069 4115 1084 4190; x_wconf 89' lang='grc' dir='ltr'><strong>ό</strong></span> <span class='ocrx_word' id='word_1_248' title='bbox 1109 4117 1204 4214; x_wconf 90' lang='grc' dir='ltr'><strong>λόγος</strong></span> <span class='ocrx_word' id='word_1_249' title='bbox 1221 4117 1473 4214; x_wconf 87' lang='grc' dir='ltr'><strong>οἰνεμίμνησκεν,</strong></span> 
     </span>
     <span class='ocr_line' id='line_1_28' title="bbox 321 4241 1473 4355; baseline 0.005 -39"><span class='ocrx_word' id='word_1_250' title='bbox 321 4241 400 4316; x_wconf 80' lang='grc' dir='ltr'><strong>ὥστ’</strong></span> <span class='ocrx_word' id='word_1_251' title='bbox 425 4241 569 4338; x_wconf 88' lang='grc' dir='ltr'><strong>οἰτεχνῶς</strong></span> <span class='ocrx_word' id='word_1_252' title='bbox 591 4243 628 4318; x_wconf 87' lang='grc' dir='ltr'><strong>τό</strong></span> <span class='ocrx_word' id='word_1_253' title='bbox 651 4251 710 4318; x_wconf 87' lang='grc' dir='ltr'><strong>τοῦ</strong></span> <span class='ocrx_word' id='word_1_254' title='bbox 733 4242 881 4343; x_wconf 85' lang='grc' dir='ltr'><strong>Ὁμῆρου</strong></span> <span class='ocrx_word' id='word_1_255' title='bbox 906 4244 1081 4355; x_wconf 70' lang='grc' dir='ltr'><strong>ἐπεπόνθη·</strong></span> <span class='ocrx_word' id='word_1_256' title='bbox 1115 4246 1315 4343; x_wconf 80' lang='grc' dir='ltr'><strong>ἐφοβούμην,</strong></span> <span class='ocrx_word' id='word_1_257' title='bbox 1344 4246 1392 4343; x_wconf 82' lang='grc' dir='ltr'><strong>μῆ</strong></span> <span class='ocrx_word' id='word_1_258' title='bbox 1420 4277 1473 4343; x_wconf 92' lang='grc' dir='ltr'><strong>μοι</strong></span> 
     </span>
     <span class='ocr_line' id='line_1_29' title="bbox 320 4369 1473 4477; baseline 0.005 -33"><span class='ocrx_word' id='word_1_259' title='bbox 320 4377 480 4446; x_wconf 88' lang='grc' dir='ltr'><strong>τελευτῶν</strong></span> <span class='ocrx_word' id='word_1_260' title='bbox 507 4369 522 4445; x_wconf 87' lang='grc' dir='ltr'>ὁ</span> <span class='ocrx_word' id='word_1_261' title='bbox 545 4369 691 4467; x_wconf 86' lang='grc' dir='ltr'><strong>Ἀγάθων</strong></span> <span class='ocrx_word' id='word_1_262' title='bbox 711 4376 845 4470; x_wconf 90' lang='grc' dir='ltr'><strong>Γοργίου</strong></span> <span class='ocrx_word' id='word_1_263' title='bbox 865 4372 1014 4470; x_wconf 88' lang='grc' dir='ltr'><strong>κεφαλῆν</strong></span> <span class='ocrx_word' id='word_1_264' title='bbox 1029 4381 1133 4448; x_wconf 78' lang='grc' dir='ltr'><strong>δεινοῦ</strong></span> <span class='ocrx_word' id='word_1_265' title='bbox 1151 4380 1253 4469; x_wconf 85' lang='grc' dir='ltr'><strong>λέγειν</strong></span> <span class='ocrx_word' id='word_1_266' title='bbox 1271 4380 1303 4447; x_wconf 85' lang='grc' dir='ltr'><strong>ἐν</strong></span> <span class='ocrx_word' id='word_1_267' title='bbox 1320 4382 1365 4474; x_wconf 80' lang='grc' dir='ltr'><strong>τῷ</strong></span> <span class='ocrx_word' id='word_1_268' title='bbox 1388 4375 1473 4477; x_wconf 86' lang='grc' dir='ltr'><strong>λόγφ</strong></span> 
     </span>
     <span class='ocr_line' id='line_1_30' title="bbox 320 4497 1472 4604; baseline 0.003 -32"><span class='ocrx_word' id='word_1_269' title='bbox 320 4501 377 4572; x_wconf 82' lang='grc' dir='ltr'><strong>ἐπὶ</strong></span> <span class='ocrx_word' id='word_1_270' title='bbox 394 4498 449 4573; x_wconf 86' lang='grc' dir='ltr'><strong>τόν</strong></span> <span class='ocrx_word' id='word_1_271' title='bbox 467 4498 541 4595; x_wconf 78' lang='grc' dir='ltr'><strong>ἐμόν</strong></span> <span class='ocrx_word' id='word_1_272' title='bbox 562 4497 655 4595; x_wconf 89' lang='grc' dir='ltr'><strong>λόγον</strong></span> <span class='ocrx_word' id='word_1_273' title='bbox 675 4504 809 4599; x_wconf 78' lang='grc' dir='ltr'><strong>πέμψας</strong></span> <span class='ocrx_word' id='word_1_274' title='bbox 827 4499 928 4576; x_wconf 87' lang='grc' dir='ltr'><strong>αῦτόν</strong></span> <span class='ocrx_word' id='word_1_275' title='bbox 947 4529 987 4596; x_wconf 88' lang='grc' dir='ltr'><strong>με</strong></span> <span class='ocrx_word' id='word_1_276' title='bbox 1005 4507 1088 4575; x_wconf 91' lang='grc' dir='ltr'><strong>λίθον</strong></span> <span class='ocrx_word' id='word_1_277' title='bbox 1107 4507 1151 4599; x_wconf 83' lang='grc' dir='ltr'><strong>τῆ</strong></span> <span class='ocrx_word' id='word_1_278' title='bbox 1170 4501 1303 4604; x_wconf 86' lang='grc' dir='ltr'><strong>οἰφωνίηι</strong></span> <span class='ocrx_word' id='word_1_279' title='bbox 1320 4503 1472 4594; x_wconf 86' lang='grc' dir='ltr'><strong>ποιῆσειε.</strong></span> 
     </span>
     <span class='ocr_line' id='line_1_31' title="bbox 319 4626 1499 4729; baseline 0.007 -28"><span class='ocrx_word' id='word_1_280' title='bbox 319 4630 383 4701; x_wconf 87' lang='grc' dir='ltr'><strong>καὶ</strong></span> <span class='ocrx_word' id='word_1_281' title='bbox 400 4634 555 4722; x_wconf 79' lang='grc' dir='ltr'><strong>ἐνενοησα</strong></span> <span class='ocrx_word' id='word_1_282' title='bbox 573 4626 640 4700; x_wconf 92' lang='grc' dir='ltr'><strong>τότ’</strong></span> <span class='ocrx_word' id='word_1_283' title='bbox 659 4627 727 4724; x_wconf 88' lang='grc' dir='ltr'><strong>άρα</strong></span> <span class='ocrx_word' id='word_1_284' title='bbox 744 4635 998 4724; x_wconf 88' lang='grc' dir='ltr'><strong>καταγέλαστος</strong></span> <span class='ocrx_word' id='word_1_285' title='bbox 1018 4628 1071 4719; x_wconf 86' lang='grc' dir='ltr'><strong>ῶν,</strong></span> <span class='ocrx_word' id='word_1_286' title='bbox 1099 4628 1178 4726; x_wconf 76' lang='grc' dir='ltr'><strong>ἡνίχ’</strong></span> <span class='ocrx_word' id='word_1_287' title='bbox 1198 4629 1272 4726; x_wconf 86' lang='grc' dir='ltr'><strong>όμίν</strong></span> <span class='ocrx_word' id='word_1_288' title='bbox 1290 4629 1499 4729; x_wconf 78' lang='grc' dir='ltr'><strong>ῶμολόγουνυ</strong></span> 
     </span>
     <span class='ocr_line' id='line_1_32' title="bbox 319 4753 1473 4858; baseline 0.004 -29"><span class='ocrx_word' id='word_1_289' title='bbox 319 4760 354 4829; x_wconf 82' lang='grc' dir='ltr'><strong>έν</strong></span> <span class='ocrx_word' id='word_1_290' title='bbox 376 4763 421 4856; x_wconf 78' lang='grc' dir='ltr'><strong>τῶ</strong></span> <span class='ocrx_word' id='word_1_291' title='bbox 441 4764 528 4854; x_wconf 82' lang='grc' dir='ltr'><strong>μέρει</strong></span> <span class='ocrx_word' id='word_1_292' title='bbox 548 4754 612 4851; x_wconf 89' lang='grc' dir='ltr'><strong>μεθ’</strong></span> <span class='ocrx_word' id='word_1_293' title='bbox 630 4753 719 4850; x_wconf 80' lang='grc' dir='ltr'><strong>ὑμῶν</strong></span> <span class='ocrx_word' id='word_1_294' title='bbox 738 4756 1001 4852; x_wconf 80' lang='grc' dir='ltr'><strong>ἐγκωμιάσεσθαι</strong></span> <span class='ocrx_word' id='word_1_295' title='bbox 1021 4756 1075 4831; x_wconf 88' lang='grc' dir='ltr'><strong>τόν</strong></span> <span class='ocrx_word' id='word_1_296' title='bbox 1088 4757 1226 4855; x_wconf 86' lang='grc' dir='ltr'><strong>Ἔρωτα</strong></span> <span class='ocrx_word' id='word_1_297' title='bbox 1250 4763 1310 4833; x_wconf 88' lang='grc' dir='ltr'><strong>καὶ</strong></span> <span class='ocrx_word' id='word_1_298' title='bbox 1330 4765 1411 4858; x_wconf 78' lang='grc' dir='ltr'><strong>ἔφην</strong></span> <span class='ocrx_word' id='word_1_299' title='bbox 1430 4760 1473 4834; x_wconf 80' lang='grc' dir='ltr'><strong>εἰ·</strong></span> 
     </span>
     <span class='ocr_line' id='line_1_33' title="bbox 290 4883 1474 4985; baseline 0.004 -28"><span class='ocrx_word' id='word_1_300' title='bbox 290 4968 295 4974; x_wconf 39' lang='grc'>,</span> <span class='ocrx_word' id='word_1_301' title='bbox 319 4913 375 4957; x_wconf 87' lang='grc' dir='ltr'><strong>ναι</strong></span> <span class='ocrx_word' id='word_1_302' title='bbox 395 4883 495 4972; x_wconf 84' lang='grc' dir='ltr'><strong>δεινός</strong></span> <span class='ocrx_word' id='word_1_303' title='bbox 521 4883 566 4958; x_wconf 88' lang='grc' dir='ltr'><strong>τά</strong></span> <span class='ocrx_word' id='word_1_304' title='bbox 589 4883 747 4982; x_wconf 79' lang='grc' dir='ltr'><strong>ἐρωτικά,</strong></span> <span class='ocrx_word' id='word_1_305' title='bbox 776 4883 868 4960; x_wconf 86' lang='grc' dir='ltr'><strong>ου’δὲν</strong></span> <span class='ocrx_word' id='word_1_306' title='bbox 895 4885 986 4974; x_wconf 87' lang='grc' dir='ltr'><strong>εἰδῶς</strong></span> <span class='ocrx_word' id='word_1_307' title='bbox 1014 4884 1083 4984; x_wconf 84' lang='grc' dir='ltr'><strong>άρα</strong></span> <span class='ocrx_word' id='word_1_308' title='bbox 1108 4893 1166 4960; x_wconf 89' lang='grc' dir='ltr'><strong>τοῦ</strong></span> <span class='ocrx_word' id='word_1_309' title='bbox 1193 4885 1405 4985; x_wconf 87' lang='grc' dir='ltr'><strong>πράγματος,</strong></span> <span class='ocrx_word' id='word_1_310' title='bbox 1431 4885 1474 4977; x_wconf 85' lang='grc' dir='ltr'><strong>ῶς</strong></span> 
     </span>
    </p>
   </div>
   <div class='ocr_carea' id='block_1_4' title="bbox 0 0 1930 5700">
    <p class='ocr_par' dir='ltr' id='par_1_5' title="bbox 0 0 1930 5700">
     <span class='ocr_line' id='line_1_34' title="bbox 0 0 1930 5700; baseline 0 1"><span class='ocrx_word' id='word_1_311' title='bbox 0 0 1930 5700; x_wconf 95' lang='lat' dir='ltr'><strong> </strong></span> 
     </span>
    </p>
   </div>
  </div>
 </body>
</html>
