3850 5700
408 774 451 840 34
882 770 1088 828 umam

407 911 509 986 καλόν
528 918 614 985 ἐστιν
635 911 766 1009 αῖσχρθν
785 910 884 1000 εἶναι,
912 910 988 1007 μηδ’
1011 910 1094 1006 3μή
1110 910 1234 1012 άγαθὸν
1251 912 1365 988 κανών.
1421 912 1513 988 οῦτω
1530 915 1569 986 δὲ

406 1044 466 1115 καὶ
490 1040 545 1114 τὸν
561 1039 701 1137 Ἔρωτα
718 1039 828 1133 ἐπειδὴ
847 1037 950 1125 αῦτὸς
973 1035 1138 1135 ὁμολογεῖς
1157 1040 1203 1135 μή
1221 1040 1304 1114 εἶναι
1326 1038 1453 1137 ἀγαθὸν
1482 1044 1569 1135 μηδὲ

406 1167 527 1258 καλὸν,
579 1175 655 1262 ηδέν
674 1196 707 1241 τι
729 1173 854 1262 μάλλον
868 1171 944 1246 Ισίου
961 1175 1026 1242 δεῖν
1047 1166 1149 1279 ριῦτθν
1168 1166 1299 1265 αἰσχρὸν
1317 1172 1378 1242 καὶ
1397 1167 1506 1242 κακὸν
1523 1166 1567 1241 εθ

405 1326 477 1388 ναι,
504 1294 596 1370 άλλά
623 1325 655 1368 τι
683 1293 828 1390 μεταξῦ,
854 1301 940 1392 ἔφη,
967 1289 1103 1384 τούτοιν.
1157 1299 1226 1368 Καὶ
1248 1294 1328 1390 μην,
1362 1290 1403 1390 ἧν
1432 1293 1461 1369 δ’
1490 1293 1566 1391 ἐγώ,

406 1423 613 1519 ὁμολογεῖταί
635 1452 674 1518 γε
690 1412 790 1520 παρά
809 1415 937 1496 πάντων
957 1429 1062 1518 μέγας
1084 1422 1152 1510 θεὸς
1175 1422 1267 1497 είναι.
1319 1429 1391 1497 Τῦν
1410 1423 1463 1517 μὴ
1483 1424 1568 1497 εἰδό-

405 1583 487 1640 των,
515 1558 597 1649 ἔρη,
624 1549 756 1624 πάντων
771 1548 912 1645 λέγειςῆ
932 1554 993 1623 καὶ
1008 1555 1073 1623 τῦν
1095 1528 1243 1636 είδὸτωνς
1277 1549 1488 1645 Ξυμπάντων
1507 1554 1567 1646 μὲν

406 1675 470 1754 οῦν.
513 1683 581 1753 Καὶ
596 1677 619 1772 ἥ
637 1677 831 1773 γελάσασα,
859 1680 927 1751 Καὶ
941 1685 1011 1765 πῦς
1027 1676 1087 1767 άν,
1115 1683 1197 1774 ἔφη,
1225 1671 1461 1775 ὦΣῦνιρατες,
1490 1677 1590 1773 ὁμο-ι

404 1816 532 1902 λογοῖτο
557 1814 660 1901 μέγας
687 1806 755 1892 θεὸς
782 1804 864 1879 είναι
889 1804 983 1903 παρά
1010 1805 1152 1893 τούτων,
1179 1809 1213 1880 οί
1233 1834 1332 1902 φασιν
1358 1804 1466 1900 αῦτὸν
1491 1805 1568 1882 οῦδὲ

405 1936 470 2010 θεὸν
495 1934 594 2020 είναις
633 1939 725 2021 Τίνες
748 1926 855 2018 οῦτοις
883 1926 923 2028 ἧν
942 1932 969 2006 δ’
989 1933 1063 2028 έγιί.
1119 1932 1176 2021 Εἷς
1196 1941 1271 2027 μέν,
1298 1938 1380 2030 ἔφη,
1409 1932 1476 2023 σῦ,
1503 1940 1568 2029 μία

404 2061 431 2136 δ’
454 2062 526 2159 ἐγώ.
581 2062 683 2156 Κάγῦ
703 2060 801 2149 εἶπον,
831 2066 1034 2151 Πῦςιτοῦτο,
1062 2066 1154 2156 ἔφην,
1181 2068 1300 2156 λέγεις;
1330 2065 1398 2134 Καὶ
1413 2061 1462 2157 ἥ,
1484 2060 1568 2162 Ῥμ-

404 2194 498 2280 δίως,
525 2195 599 2287 έρη.
641 2196 715 2285 λέγε
733 2188 798 2286 γάρ
816 2217 880 2284 μοι,
908 2186 946 2262 οῦ
967 2187 1097 2275 πάντας
1113 2187 1203 2275 θεοῦς
1218 2188 1285 2285 ρης
1300 2186 1506 2283 εὐδαίμονας
1524 2189 1569 2263 εί-

404 2347 459 2392 ναι
474 2317 551 2415 [νιαὶ
563 2315 720 2415 καλοῦς];
740 2346 760 2410 η
776 2315 960 2423 τολμησαις
975 2314 1017 2389 άν
1031 2345 1107 2390 τινα
1120 2316 1167 2412 μὴ
1182 2315 1287 2413 ράναι
1300 2315 1422 2415 [καλῦν
1434 2347 1476 2392 τε
1489 2317 1568 2416 καὶ]

406 2444 588 2540 εῦδαίμονα
605 2451 679 2520 θεῶν
699 2444 797 2529 είναις
834 2443 893 2517 Μά
912 2443 965 2517 Δί’
987 2441 1049 2517 οῦκ
1065 2442 1171 2540 ἔγωγ’,
1199 2450 1290 2546 ἔφην.
1345 2442 1568 2540 Εῦδαίμονας

404 2577 441 2646 δὲ
451 2572 498 2667 δη
516 2580 620 2667 λέγεις
639 2571 675 2646 οῦ
697 2572 774 2658 τοῦς
789 2571 925 2667 τάγαθά
940 2575 1000 2645 καὶ
1015 2570 1062 2645 τά
1077 2571 1170 2645 καλά
1187 2580 1429 2667 κεκτημένουςς
1468 2573 1566 2650 Πάνυ

401 2728 450 2795 γε.
501 2697 610 2772 Ἀλλά
626 2698 841 2797 μήν’Έρωτά
857 2698 885 2795 γ’
906 2698 1122 2794 ὡμολόγηκας
1139 2698 1178 2773 δι’
1200 2706 1322 2776 ἔνδειαν
1341 2708 1406 2774 τῦν
1426 2698 1588 2798 α’γσθῦνᾱ

405 2831 465 2901 καὶ
485 2834 595 2902 καλῶν
611 2832 770 2931 ἐπιθυμεῖν
787 2825 895 2901 αῦτῶν
915 2827 1056 2919 τούτων,
1084 2820 1126 2901 οἷν
1144 2825 1254 2922 ἐνδεής
1268 2834 1366 2903 ἐστιν.
1416 2826 1565 2926 Ὧμολὸ-

404 2986 497 3053 γηκα
520 2956 593 3055 γάρ.
648 2961 724 3042 Πῦς
742 2955 769 3029 δ’
791 2956 832 3030 άν
852 2951 907 3030 σῦν
927 2955 995 3042 θεὸς
1020 2960 1071 3049 εἴη
1090 2955 1107 3031 ὅ
1127 2985 1164 3051 γε
1182 2963 1246 3036 τῶν
1272 2963 1384 3030 καλῶν
1403 2957 1564 3055 κάγαθῶν

404 3086 554 3184 άμοιρσςς
591 3084 773 3179 Οὐδαμῶς,
801 3083 843 3170 ὥς
866 3082 894 3179 γ’
920 3089 1028 3158 ἔοικεν.
1078 3083 1185 3182 Ὁρᾷς
1209 3077 1284 3172 οῦν,
1312 3090 1396 3178 ἔφη,
1423 3086 1479 3161 ’ὁτι
1505 3091 1565 3162 καὶ

405 3212 446 3287 σθ
465 3213 605 3310 Ἔρωτα
632 3211 668 3286 οῦ
697 3211 763 3285 θεὸν
789 3216 943 3306 νομίζειςς

481 3345 602 3413 XXIII.
648 3344 690 3411 Τί
705 3333 758 3412 σῦν
776 3338 836 3428 άν,
864 3344 963 3436 ἔφην,
992 3343 1042 3432 εἴη
1064 3338 1219 3436 ὁἜρωςς
1247 3338 1378 3432 θνητὸςς
1401 3341 1564 3417 Ἥκιστιί

404 3495 451 3563 γε.
492 3466 600 3540 Ἀλλά
618 3471 650 3540 τί
667 3465 749 3562 μήν;
780 3467 913 3564 Ὥσπερ
931 3465 977 3540 τοὶ
997 3465 1157 3564 πρότερα,
1184 3473 1266 3564 έρη,
1294 3465 1420 3560 μεταξὺ
1441 3475 1561 3564 θνητοῦ

405 3599 464 3668 καὶ
490 3592 668 3669 άθανάτου.
722 3599 766 3689 Τί
788 3589 860 3684 οῦν,
889 3589 1092 3688 ὦΔιστίμας
1129 3599 1261 3690 Δαίμων
1290 3601 1411 3689 μέγας,
1442 3589 1584 3673 &Ed-0

403 3748 540 3820 κρατες·
576 3726 635 3795 καὶ
662 3721 727 3819 γάρ
755 3729 822 3794 πιῖν
847 3721 885 3795 τὸ
912 3721 1074 3817 δαιμθνιον
1099 3711 1222 3816 μεταξύ
1250 3728 1320 3797 έστι
1344 3727 1415 3796 θεοῦ
1441 3754 1479 3799 τε
1502 3730 1564 3801 καὶ

405 3857 532 3945 θνητοῦ.
572 3857 673 3939 Τίνα,
700 3845 740 3944 ἦν
758 3849 785 3922 δ’
808 3849 888 3945 ἐγώ,
915 3849 1053 3944 δῦναμιν
1070 3843 1171 3947 ἔχονςγ
1189 3849 1391 3948 Ἐρμηνεῦον
1411 3856 1475 3927 καὶ
1489 3860 1563 3929 δια-

405 3985 577 4077 πορθμεῦον
596 3983 674 4063 θεοῖς
688 3977 734 4051 τά
751 3977 826 4074 παρ’
846 3975 1018 4075 ἀνθρώπων
1035 3982 1094 4052 καὶ
1108 3968 1345 4075 άνθράπσιςτοὶ
1359 3980 1458 4077 παρὰ
1472 3987 1563 4071 θεῶν,

403 4115 467 4180 τῶν
487 4082 543 4201 μὲν
564 4105 626 4192 τοὶς
645 4104 771 4199 δεήσεις
789 4108 848 4178 καὶ
865 4109 997 4196 θυσίας,
1023 4115 1087 4178 τῦν
1106 4109 1142 4178 δὲ
1161 4104 1224 4193 τάς
1243 4105 1408 4196 ἐπιτάξεις
1436 4137 1475 4182 τε
1501 4115 1564 4184 καὶ

405 4233 549 4329 άμοιβάς
563 4241 626 4306 τῦν
640 4238 763 4306 θυσιῦν.
791 4237 822 4304 έν
841 4239 927 4333 μέσιρ
942 4231 970 4305 δ’
991 4232 1025 4306 ὂν
1042 4231 1234 4331 άμροτέρων
1251 4232 1460 4332 άμροτέρους
1477 4264 1562 4335 συμ-

404 4368 538 4460 πληροῖ,
566 4362 650 4435 ὥστε
667 4360 705 4434 τὸ
723 4369 789 4433 ποῖν
809 4358 892 4434 αῦτθ
910 4359 1003 4460 αὐτῷ
1023 4345 1235 4448 ξυνδεδέσθαι.
1288 4360 1346 4435 διαὶ
1362 4361 1485 4439 τοῦτου
1502 4371 1564 4441 καὶ

404 4489 426 4585 ἡ
446 4489 588 4585 μαντικὴ
608 4494 706 4561 πάσα
721 4496 816 4585 χωρεῖ
833 4491 894 4560 καὶ
909 4517 931 4580 η
949 4495 1012 4562 τῦν
1030 4492 1133 4586 ἱερέων
1153 4495 1249 4583 τέχνη
1268 4496 1331 4563 τῦν
1350 4517 1388 4563 τε
1403 4496 1481 4590 περὶ
1497 4495 1563 4581 τάς

404 4621 518 4704 θυσίας
540 4621 600 4691 καὶ
621 4615 685 4703 τοὶς
706 4614 841 4707 τελετάς
858 4618 917 4687 καὶ
934 4615 998 4702 τάς
1021 4615 1149 4716 ἐπῳδάς
1168 4619 1228 4689 καὶ
1245 4615 1306 4709 την
1326 4623 1471 4711 μαγείαν
1494 4627 1582 4696 πεῖ-ι
1617 4686 1624 4701 ,

344 4769 394 4817 νου
403 4747 466 4819 σαν
490 4747 550 4817 καὶ
573 4747 737 4838 γοητείαν.
791 4742 859 4828 θεὸς
882 4741 909 4815 δ’
936 4740 1091 4843 άνθράπρ
1118 4742 1154 4819 οῦ
1182 4747 1354 4839 μίγνυται,
1382 4743 1478 4821 άλλσὶ
1503 4748 1562 4824 διὰ

402 4872 521 4947 τοῦτον
538 4870 635 4945 πᾶσά
653 4877 739 4945 ἐστιν
757 4869 780 4966 ἡ
797 4868 907 4965 ὁμιλία
928 4874 988 4944 καὶ
1005 4870 1028 4965 ἡ
1045 4870 1216 4958 διάλεκτος
1232 4877 1312 4961 θεοῖς
1333 4871 1415 4971 πρὸς
1438 4874 1560 4976 άνθρά
