3850 5700
791 770 1022 826 Σιωιποειοιν.
1415 818 1419 824 ,
1464 772 1485 840 9

329 911 375 986 τά
393 912 535 987 παιδικά
562 911 586 1006 ή
610 912 657 1008 μή
679 916 841 1007 βοηθήσοι
866 910 1100 1002 κινδυνεύοντι,
1129 911 1234 999 οίδεὶς
1257 912 1341 986 οὕτω
1368 909 1482 1002 κακὸς,

329 1041 441 1115 ὅντινα
459 1039 521 1115 οὐκ
535 1040 576 1115 ἀν
594 1038 697 1128 αίτὲς
713 1038 851 1137 ὁἜφως
866 1044 966 1113 ἔνθεον
985 1038 1129 1135 ποιήσειε
1145 1039 1225 1139 πρὸς
1243 1039 1382 1139 ἀρετήν,
1409 1038 1482 1114 ὅσθ’

327 1169 436 1266 ’ὅμοιον
460 1167 543 1244 εἶναι
561 1176 608 1268 τῷ
629 1166 752 1268 ἀρίστῳ
775 1166 881 1266 φύσει.
934 1171 994 1242 καὶ
1017 1166 1178 1264 ἀτεχνῶς,
1205 1167 1222 1244 ὃ
1244 1174 1308 1266 ἔφη
1321 1169 1509 1266 ”Ομηρος,ι

330 1305 423 1393 μένος
439 1303 618 1393 ἐμπνεῦσαι
636 1300 727 1383 ἐνίοις
745 1303 808 1370 τῶν
825 1294 937 1394 ήρώων
960 1296 1016 1370 τὸν
1035 1299 1121 1385 θεῖν,
1147 1295 1232 1372 τοῦθ’
1251 1296 1391 1397 ὁἜρως
1416 1307 1485 1384 τοῖς

329 1431 425 1524 ἐρῶσι
450 1433 583 1525 παρέχει
608 1422 791 1521 γιγνόμενον
818 1423 894 1523 παρ’
920 1422 1035 1499 αὑτοῦ.

410 1555 486 1631 VH.
525 1557 595 1628 Καὶ
610 1552 675 1650 μήν
691 1551 987 1651 θπεραποθνήσκειν
1005 1582 1044 1649 γε
1060 1551 1149 1649 μόνοι
1168 1559 1326 1628 ἐθέλουσιν
1345 1559 1374 1628 οῖ
1392 1560 1484 1651 ἐρῶν-

328 1711 401 1774 τες,
428 1680 466 1757 οιί
489 1681 582 1777 μόνον
607 1686 636 1756 οί
661 1680 793 1780 ἀνδρες,
821 1679 999 1756 ἀλλὰκαὶ
1025 1687 1060 1756 αῖ
1086 1692 1249 1778 γυναῖκες.
1302 1665 1422 1757 τούτου
1448 1685 1485 1756 δὲ

328 1814 390 1885 καὶ
408 1809 431 1905 ή
455 1813 571 1884 Πελίου
597 1809 742 1907 θυγάτηρ
761 1809 946 1904 Ἀλκηστις
968 1810 1084 1907 ἱκανήν
1106 1815 1287 1910 μαρτυρίαν
1306 1818 1484 1910 παρέχεται

329 1943 376 2027 είς
401 1938 478 2025 τοθς
496 1938 689 2033 Ἕλληνας,
724 1936 910 2031 ἐθελήσασα
935 1938 1017 2034 μὸνη
1044 1937 1124 2036 ὑπὲρ
1148 1947 1206 2014 τοῦ
1233 1937 1342 2034 αὑτής
1368 1938 1484 2037 ἀνδρὸς

329 2066 519 2158 ἀποθανεῖν,
546 2064 645 2141 ὅντων
665 2063 758 2168 αὐτῷ
780 2065 906 2165 πατρός
928 2095 965 2141 τε
983 2071 1044 2141 καὶ
1061 2066 1199 2166 μητρός·
1227 2066 1283 2155 οὓς
1303 2071 1409 2160 ἐκείνη
1430 2046 1529 2141 τοι1

327 2204 445 2270 σουτον
469 2193 686 2294 ὑπερεβάλετο
706 2202 751 2291 τή
778 2200 873 2295 φιλίφι
897 2197 954 2269 διοὶ
976 2195 1031 2269 τὸν
1057 2201 1181 2293 ἔρωτα,
1208 2193 1282 2270 ὥστ’
1309 2194 1483 2284 ἀποδεῖξαι

328 2306 666 2422 αιίτοθςόίλλοτρίους
686 2322 786 2410 ὄντας
804 2332 848 2423 τῷ
868 2328 932 2398 υίεῖ
948 2327 1008 2398 καὶ
1029 2322 1165 2418 ὀνόματι
1190 2322 1282 2419 μόνον
1305 2323 1483 2422 προσήκον-

327 2481 401 2541 τας.
454 2455 514 2526 καὶ
538 2450 624 2526 τοῦτ’
644 2457 853 2550 ἐργασαμένη
875 2446 1009 2550 τοῦργον
1027 2452 1111 2526 οὕτω
1129 2452 1230 2526 καλὸν
1253 2454 1360 2541 ἐδοξεν
1387 2451 1483 2550 ἐργα-

328 2586 451 2655 σασθαι
469 2578 506 2655 ου’
524 2579 617 2675 μόνον
634 2578 811 2677 ἀνθρώποις
830 2578 920 2653 ἀλλά
937 2584 998 2654 καὶ
1015 2587 1105 2672 θεοῖς,
1132 2582 1216 2655 ὥστε
1232 2587 1358 2656 πολλῶν
1374 2579 1483 2654 πολλὰ

329 2713 390 2783 καὶ
408 2708 501 2783 καλά
519 2714 746 2807 ἐργασαμένων
765 2706 993 2806 ειίαριθμήτοις
1009 2708 1052 2804 δή
1071 2738 1152 2784 τισιν
1177 2715 1294 2785 ἐδοσαν
1311 2714 1409 2784 τοῦτο
1432 2716 1484 2804 γέ

331 2867 392 2938 ρας
410 2842 439 2913 οί
456 2841 528 2928 θεοί,
556 2838 590 2926 ἐξ
603 2837 721 2912 ’Ἅιδου
732 2835 863 2912 ’ἀνεῖναι
877 2836 978 2912 πάλιν
994 2838 1055 2935 τήν
1074 2838 1193 2939 ψυχήν,
1221 2838 1310 2915 ἀλλά
1325 2838 1386 2935 τήν
1404 2829 1484 2912 ἐκεί-

330 2996 389 3061 νης
406 2965 539 3043 ἀνεῖσαν
558 2965 756 3062 ἀγασθέντες
772 2966 834 3067 [τῷ
853 2973 950 3068 ἐργῳ·
979 2968 1063 3041 οὕτω
1082 2971 1141 3042 καὶ
1160 2967 1238 3066 θεοὶ]
1259 2968 1319 3063 τήν
1340 2970 1412 3065 περὶ
1429 2966 1482 3041 τὸν

331 3102 438 3195 ἔρωτα
461 3093 607 3190 σπουδήν
624 3124 661 3169 τε
678 3099 737 3169 καὶ
756 3093 876 3194 ἀρετήν
901 3091 1068 3199 [μάλιστα
1085 3090 1245 3198 τιμωσιν].
1296 3094 1423 3194 Ὀρφέα
1447 3099 1508 3169 δὲο

329 3223 386 3298 τὸν
401 3223 545 3321 Οίοίγρου
563 3221 670 3316 ἀτελῆ
686 3221 887 3323 ἀπέπεμψαν
905 3227 940 3313 ἐξ
953 3225 1082 3308 Ἅιδου,
1104 3224 1226 3323 φάσμα
1241 3227 1404 3314 δείξαντες
1423 3233 1484 3319 τής

330 3361 486 3447 γυναῖκες
510 3351 554 3449 ἐφ’
581 3351 622 3447 ήν
641 3344 740 3446 ήκεν,
769 3350 875 3447 οιιίτήν
897 3351 924 3427 δ’
946 3351 983 3427 οῖ
1002 3353 1129 3445 δὸντες,
1155 3353 1207 3427 ὅτι
1229 3356 1486 3448 μαλθακίζεσθαι

331 3478 453 3569 ἐδὸκει,
489 3478 541 3554 ἅτ’
568 3479 610 3553 ὧν
636 3479 830 3582 κιθαρφδὸς,
862 3485 923 3555 καὶ
947 3481 984 3556 οῖ
1009 3487 1135 3577 τολμᾶν
1161 3487 1258 3557 ἕνεκα
1282 3491 1340 3557 τοῦ
1369 3488 1486 3579 ἔρωτος

330 3607 567 3704 ἀποθνήσκειν,
592 3608 698 3707 ὥσπερ
713 3608 915 3704 Ἄλκηστις,
943 3608 1035 3684 ἀλλοὶ
1052 3616 1323 3706 διαμηχανᾶσθαι
1343 3616 1403 3698 ζων
1421 3615 1484 3684 είσ-

331 3743 413 3811 ιέναι
435 3741 480 3824 είς
494 3736 621 3812 Ἅιδου.
674 3734 843 3835 τοιγάρτοι
866 3737 923 3811 διά
942 3746 1056 3813 ταῦτα
1079 3742 1174 3832 δίκην
1202 3737 1293 3839 αὐτῷ
1320 3744 1483 3827 ἐπέθεσαν,

329 3868 391 3940 καὶ
414 3869 571 3959 ἐποίησαν
595 3865 653 3940 τὸν·
670 3864 808 3940 θάνατον
833 3863 940 3940 αὐτοῦ
966 3865 1031 3941 ὑπὸ
1055 3874 1218 3962 γυναικῶν
1239 3866 1415 3963 γενέσθαι,
1428 3865 1485 3962 οὐχ

330 3994 439 4092 ὥσπερ
452 3992 608 4089 Ἀχιλλέα
623 3994 676 4069 τὸν
692 4002 753 4088 τῆς
771 4001 905 4082 Θέτιδος
921 3994 988 4069 υἱὸν
1005 3998 1165 4090 ἐτίμησαν
1185 3999 1245 4069 καὶ
1262 4001 1307 4082 είς
1325 3993 1506 4091 μακάρωνο

329 4120 451 4218 νήσους
467 4121 678 4222 ἀπέπεμψαν,
704 4123 756 4197 ὅτι
771 4131 975 4219 πεπυσμένος
991 4123 1085 4222 παρά
1103 4132 1164 4219 τής
1183 4121 1316 4221 μητφὸς,
1342 4121 1386 4210 ὡς
1402 4121 1484 4196 ἀπο·

331 4256 459 4325 θανοῖτο
481 4248 681 4340 ἀποκτείνας
695 4252 866 4349 Ἕκτορα,
895 4251 950 4345 μή
961 4250 1161 4338 ἀποκτείνας
1184 4254 1221 4325 δὲ
1239 4259 1355 4325 τοῦτον
1378 4249 1482 4324 οἴκαδ’

331 4378 427 4453 ἐλθίιν
444 4379 581 4477 γηραιὸς
597 4379 797 4472 τελευτήσοι,
825 4377 1001 4473 ἐτὸλμησεν
1020 4384 1148 4454 ἑλέσθαι
1166 4377 1331 4474 βοηθήσας
1345 4387 1392 4478 τῷ
1411 4384 1484 4476 ἐρα-

269 4515 398 4603 ιοοστή
418 4505 599 4609 Πατρὸκληι
621 4511 682 4581 καὶ
703 4505 894 4606 τιμωρήσας
920 4506 957 4582 οῖ
982 4506 1075 4603 μονον
1095 4506 1366 4607 θπεραποθανεῖν,
1394 4505 1508 4582 ἀλλοῖα
1544 4485 1548 4494 ’

330 4639 393 4710 καὶ
416 4641 630 4711 ἐπαποθανεῖν
654 4636 911 4732 τετελευτηκότι.
963 4636 1030 4710 ’ὅθεν
1057 4636 1098 4732 δή
1125 4640 1186 4711 καὶ
1206 4633 1485 4734 ὑπεραγασθέντες

331 4770 361 4841 οί
378 4767 441 4839 θεοὶ
457 4764 675 4863 διαφερόντως
690 4763 790 4840 αὐτὸν
808 4769 981 4859 ἐτίμησαν,
1006 4765 1058 4839 ’ὅτι
1075 4764 1130 4839 τὸν
1151 4765 1292 4863 ἐραστήν
1312 4765 1396 4839 οὕτω
1413 4769 1485 4862 περὶ

331 4897 454 4969 πολλοῦ
479 4898 622 4967 ἐποιεῖτο.
680 4891 837 4990 Αἰσχύλος
860 4898 897 5022 δέ
917 4901 1058 4993 φλυαρεῖ
1081 4893 1217 4993 φοίσκων
1241 4892 1401 4988 ’Ᾰχιλλέα
1414 4898 1488 4963 [λα-
