<?xml version="1.0" encoding="UTF-8"?>
<!DOCTYPE html PUBLIC "-//W3C//DTD XHTML 1.0 Transitional//EN"
    "http://www.w3.org/TR/xhtml1/DTD/xhtml1-transitional.dtd">
<html xmlns="http://www.w3.org/1999/xhtml" xml:lang="en" lang="en">
 <head>
  <title>
</title>
<meta http-equiv="Content-Type" content="text/html;charset=utf-8" />
  <meta name='ocr-system' content='tesseract 3.04.00' />
  <meta name='ocr-capabilities' content='ocr_page ocr_carea ocr_par ocr_line ocrx_word'/>
</head>
<body>
  <div class='ocr_page' id='page_1' title='image "./platonisconvivi00platgoog_0068.png"; bbox 0 0 3850 5700; ppageno 0'>
   <div class='ocr_carea' id='block_1_1' title="bbox 406 768 1092 838">
    <p class='ocr_par' dir='ltr' id='par_1_1' title="bbox 406 768 1092 838">
     <span class='ocr_line' id='line_1_1' title="bbox 406 768 1092 838; baseline -0.003 -13"><span class='ocrx_word' id='word_1_1' title='bbox 406 771 448 838; x_wconf 80' lang='lat'><strong>12</strong></span> <span class='ocrx_word' id='word_1_2' title='bbox 886 768 1092 825; x_wconf 67' lang='grc' dir='ltr'><strong>ιιιιτοιιοκ</strong></span> 
     </span>
    </p>
   </div>
   <div class='ocr_carea' id='block_1_2' title="bbox 307 906 1599 2677">
    <p class='ocr_par' dir='ltr' id='par_1_2' title="bbox 404 906 1599 1394">
     <span class='ocr_line' id='line_1_2' title="bbox 404 906 1599 1009; baseline -0.003 -25"><span class='ocrx_word' id='word_1_3' title='bbox 404 917 525 1005; x_wconf 90' lang='grc' dir='ltr'><strong>λέγειν,</strong></span> <span class='ocrx_word' id='word_1_4' title='bbox 553 910 596 998; x_wconf 78' lang='grc' dir='ltr'><strong>ὡς</strong></span> <span class='ocrx_word' id='word_1_5' title='bbox 620 910 752 1009; x_wconf 81' lang='grc' dir='ltr'><strong>αἰσχρὸν</strong></span> <span class='ocrx_word' id='word_1_6' title='bbox 779 915 964 1009; x_wconf 84' lang='grc' dir='ltr'><strong>χαρίζεσθαι</strong></span> <span class='ocrx_word' id='word_1_7' title='bbox 991 915 1156 1008; x_wconf 73' lang='grc' dir='ltr'>ἐρασταῖς.</span> <span class='ocrx_word' id='word_1_8' title='bbox 1209 917 1343 1007; x_wconf 88' lang='grc' dir='ltr'><strong>λέγουσι</strong></span> <span class='ocrx_word' id='word_1_9' title='bbox 1364 908 1391 983; x_wconf 87' lang='grc' dir='ltr'><strong>δ’</strong></span> <span class='ocrx_word' id='word_1_10' title='bbox 1417 914 1466 998; x_wconf 83' lang='grc' dir='ltr'><strong>εἰς</strong></span> <span class='ocrx_word' id='word_1_11' title='bbox 1490 906 1570 984; x_wconf 77' lang='grc' dir='ltr'><strong>τοί-</strong></span> <span class='ocrx_word' id='word_1_12' title='bbox 1597 975 1599 980; x_wconf 91' lang='grc'><strong>.</strong></span> 
     </span>
     <span class='ocr_line' id='line_1_3' title="bbox 404 1036 1569 1137; baseline 0 -26"><span class='ocrx_word' id='word_1_13' title='bbox 404 1067 482 1125; x_wconf 90' lang='grc' dir='ltr'><strong>τους</strong></span> <span class='ocrx_word' id='word_1_14' title='bbox 502 1037 758 1133; x_wconf 88' lang='grc' dir='ltr'><strong>ἀποβλέποντες,</strong></span> <span class='ocrx_word' id='word_1_15' title='bbox 787 1036 921 1137; x_wconf 80' lang='grc' dir='ltr'><strong>ὁρῶντες</strong></span> <span class='ocrx_word' id='word_1_16' title='bbox 939 1038 1049 1112; x_wconf 73' lang='grc' dir='ltr'><strong>αὐτῶν</strong></span> <span class='ocrx_word' id='word_1_17' title='bbox 1069 1038 1131 1134; x_wconf 81' lang='grc' dir='ltr'><strong>την</strong></span> <span class='ocrx_word' id='word_1_18' title='bbox 1149 1037 1307 1137; x_wconf 91' lang='grc' dir='ltr'><strong>ἀκαιρίαν</strong></span> <span class='ocrx_word' id='word_1_19' title='bbox 1330 1041 1389 1111; x_wconf 88' lang='grc' dir='ltr'><strong>καὶ</strong></span> <span class='ocrx_word' id='word_1_20' title='bbox 1409 1036 1569 1112; x_wconf 78' lang='grc' dir='ltr'><strong>ἀδικίαν·</strong></span> 
     </span>
     <span class='ocr_line' id='line_1_4' title="bbox 405 1164 1568 1266; baseline 0.002 -27"><span class='ocrx_word' id='word_1_21' title='bbox 405 1172 476 1240; x_wconf 86' lang='grc' dir='ltr'><strong>ἐπεὶ</strong></span> <span class='ocrx_word' id='word_1_22' title='bbox 492 1164 528 1240; x_wconf 82' lang='grc' dir='ltr'><strong>οά</strong></span> <span class='ocrx_word' id='word_1_23' title='bbox 546 1165 654 1259; x_wconf 83' lang='grc' dir='ltr'><strong>δήπου</strong></span> <span class='ocrx_word' id='word_1_24' title='bbox 668 1171 818 1262; x_wconf 74' lang='grc' dir='ltr'><strong>’κοσμίως</strong></span> <span class='ocrx_word' id='word_1_25' title='bbox 836 1195 873 1259; x_wconf 94' lang='grc' dir='ltr'><strong>γε</strong></span> <span class='ocrx_word' id='word_1_26' title='bbox 895 1171 953 1240; x_wconf 91' lang='grc' dir='ltr'><strong>καὶ</strong></span> <span class='ocrx_word' id='word_1_27' title='bbox 974 1171 1113 1264; x_wconf 81' lang='grc' dir='ltr'>νομίμως</span> <span class='ocrx_word' id='word_1_28' title='bbox 1132 1165 1238 1242; x_wconf 75' lang='grc' dir='ltr'><strong>ὁτιοῦν</strong></span> <span class='ocrx_word' id='word_1_29' title='bbox 1256 1174 1396 1264; x_wconf 79' lang='grc' dir='ltr'><strong>πρᾶγμα</strong></span> <span class='ocrx_word' id='word_1_30' title='bbox 1419 1165 1568 1266; x_wconf 80' lang='grc' dir='ltr'><strong>πραττό-</strong></span> 
     </span>
     <span class='ocr_line' id='line_1_5' title="bbox 406 1292 1569 1394; baseline 0.002 -27"><span class='ocrx_word' id='word_1_31' title='bbox 406 1322 498 1389; x_wconf 87' lang='grc' dir='ltr'><strong>μενον</strong></span> <span class='ocrx_word' id='word_1_32' title='bbox 515 1292 617 1393; x_wconf 73' lang='grc' dir='ltr'><strong>ψόγον</strong></span> <span class='ocrx_word' id='word_1_33' title='bbox 636 1294 679 1368; x_wconf 86' lang='grc' dir='ltr'><strong>ἀν</strong></span> <span class='ocrx_word' id='word_1_34' title='bbox 698 1299 834 1381; x_wconf 91' lang='grc' dir='ltr'><strong>δικαίως</strong></span> <span class='ocrx_word' id='word_1_35' title='bbox 852 1302 950 1393; x_wconf 88' lang='grc' dir='ltr'><strong>φέροι.</strong></span> <span class='ocrx_word' id='word_1_36' title='bbox 1005 1299 1073 1369; x_wconf 86' lang='grc' dir='ltr'><strong>Καὶ</strong></span> <span class='ocrx_word' id='word_1_37' title='bbox 1092 1294 1134 1391; x_wconf 78' lang='grc' dir='ltr'><strong>δὴ</strong></span> <span class='ocrx_word' id='word_1_38' title='bbox 1157 1298 1217 1368; x_wconf 88' lang='grc' dir='ltr'><strong>καὶ</strong></span> <span class='ocrx_word' id='word_1_39' title='bbox 1236 1294 1252 1369; x_wconf 98' lang='lat'>6</span> <span class='ocrx_word' id='word_1_40' title='bbox 1276 1298 1349 1393; x_wconf 88' lang='grc' dir='ltr'><strong>περὶ</strong></span> <span class='ocrx_word' id='word_1_41' title='bbox 1371 1294 1427 1368; x_wconf 81' lang='grc' dir='ltr'><strong>τὸν</strong></span> <span class='ocrx_word' id='word_1_42' title='bbox 1456 1300 1569 1394; x_wconf 82' lang='grc' dir='ltr'><strong>ἔρωτα</strong></span> 
     </span>
    </p>

    <p class='ocr_par' dir='ltr' id='par_1_3' title="bbox 307 1420 1593 2677">
     <span class='ocr_line' id='line_1_6' title="bbox 307 1420 1568 1523; baseline 0.002 -29"><span class='ocrx_word' id='word_1_43' title='bbox 307 1468 311 1473; x_wconf 92' lang='lat'><em>-</em></span> <span class='ocrx_word' id='word_1_44' title='bbox 404 1422 520 1518; x_wconf 80' lang='grc' dir='ltr'><strong>νόμος,</strong></span> <span class='ocrx_word' id='word_1_45' title='bbox 547 1429 578 1496; x_wconf 95' lang='grc' dir='ltr'><strong>ἐν</strong></span> <span class='ocrx_word' id='word_1_46' title='bbox 605 1427 661 1517; x_wconf 84' lang='grc' dir='ltr'><strong>μὲν</strong></span> <span class='ocrx_word' id='word_1_47' title='bbox 687 1432 762 1510; x_wconf 88' lang='grc' dir='ltr'><strong>ταῖς</strong></span> <span class='ocrx_word' id='word_1_48' title='bbox 788 1422 907 1510; x_wconf 79' lang='grc' dir='ltr'><strong>ἄλλαις</strong></span> <span class='ocrx_word' id='word_1_49' title='bbox 924 1421 1036 1497; x_wconf 75' lang='grc' dir='ltr'><strong>πὸλεσι</strong></span> <span class='ocrx_word' id='word_1_50' title='bbox 1058 1431 1178 1520; x_wconf 78' lang='grc' dir='ltr'><strong>νοῆσαι</strong></span> <span class='ocrx_word' id='word_1_51' title='bbox 1203 1422 1327 1523; x_wconf 65' lang='grc' dir='ltr'><strong>ῥᾴδιος·</strong></span> <span class='ocrx_word' id='word_1_52' title='bbox 1355 1420 1472 1510; x_wconf 73' lang='grc' dir='ltr'><strong>ἀπλιῑς</strong></span> <span class='ocrx_word' id='word_1_53' title='bbox 1496 1422 1568 1521; x_wconf 83' lang='grc' dir='ltr'><strong>γάρ</strong></span> 
     </span>
     <span class='ocr_line' id='line_1_7' title="bbox 405 1548 1593 1658; baseline 0.001 -33"><span class='ocrx_word' id='word_1_54' title='bbox 405 1551 555 1648; x_wconf 82' lang='grc' dir='ltr'><strong>ίίριστοιι·</strong></span> <span class='ocrx_word' id='word_1_55' title='bbox 583 1550 599 1626; x_wconf 89' lang='lat'>6</span> <span class='ocrx_word' id='word_1_56' title='bbox 617 1555 654 1625; x_wconf 84' lang='grc' dir='ltr'><strong>δὲ</strong></span> <span class='ocrx_word' id='word_1_57' title='bbox 672 1548 782 1625; x_wconf 88' lang='grc' dir='ltr'><strong>ἐνθάδε</strong></span> <span class='ocrx_word' id='word_1_58' title='bbox 800 1554 860 1625; x_wconf 86' lang='grc' dir='ltr'><strong>καὶ</strong></span> <span class='ocrx_word' id='word_1_59' title='bbox 880 1551 896 1626; x_wconf 92' lang='lat'>6</span> <span class='ocrx_word' id='word_1_60' title='bbox 915 1558 949 1658; x_wconf 72' lang='grc' dir='ltr'><strong>ἐγ</strong></span> <span class='ocrx_word' id='word_1_61' title='bbox 969 1556 1191 1645; x_wconf 76' lang='grc' dir='ltr'><strong>Λακεδαίμονι</strong></span> <span class='ocrx_word' id='word_1_62' title='bbox 1211 1555 1365 1638; x_wconf 90' lang='grc' dir='ltr'><strong>ποικιλος.</strong></span> <span class='ocrx_word' id='word_1_63' title='bbox 1401 1556 1432 1623; x_wconf 88' lang='grc' dir='ltr'><strong>ἐν</strong></span> <span class='ocrx_word' id='word_1_64' title='bbox 1446 1550 1593 1626; x_wconf 74' lang='grc' dir='ltr'><strong>Ἠλιδιθ</strong></span> 
     </span>
     <span class='ocr_line' id='line_1_8' title="bbox 405 1673 1567 1778; baseline 0.002 -26"><span class='ocrx_word' id='word_1_65' title='bbox 405 1683 461 1774; x_wconf 85' lang='grc' dir='ltr'><strong>μὲν</strong></span> <span class='ocrx_word' id='word_1_66' title='bbox 477 1680 543 1778; x_wconf 84' lang='grc' dir='ltr'><strong>γάρ</strong></span> <span class='ocrx_word' id='word_1_67' title='bbox 564 1681 673 1754; x_wconf 88' lang='grc' dir='ltr'><strong>καὶέν</strong></span> <span class='ocrx_word' id='word_1_68' title='bbox 692 1685 844 1767; x_wconf 77' lang='grc' dir='ltr'><strong>Βοιωτοῖς</strong></span> <span class='ocrx_word' id='word_1_69' title='bbox 862 1684 922 1755; x_wconf 89' lang='grc' dir='ltr'><strong>καὶ</strong></span> <span class='ocrx_word' id='word_1_70' title='bbox 939 1673 976 1754; x_wconf 73' lang='grc' dir='ltr'><strong>οὗ</strong></span> <span class='ocrx_word' id='word_1_71' title='bbox 996 1680 1041 1776; x_wconf 79' lang='grc' dir='ltr'><strong>μη</strong></span> <span class='ocrx_word' id='word_1_72' title='bbox 1065 1684 1160 1778; x_wconf 87' lang='grc' dir='ltr'><strong>σοφοὶ</strong></span> <span class='ocrx_word' id='word_1_73' title='bbox 1183 1687 1285 1777; x_wconf 88' lang='grc' dir='ltr'><strong>λέγειν</strong></span> <span class='ocrx_word' id='word_1_74' title='bbox 1304 1678 1418 1766; x_wconf 80' lang='grc' dir='ltr'><strong>ἀπλῶς</strong></span> <span class='ocrx_word' id='word_1_75' title='bbox 1433 1708 1567 1774; x_wconf 89' lang='grc' dir='ltr'><strong>νενομο-</strong></span> 
     </span>
     <span class='ocr_line' id='line_1_9' title="bbox 404 1807 1569 1906; baseline 0.002 -26"><span class='ocrx_word' id='word_1_76' title='bbox 404 1814 539 1898; x_wconf 86' lang='grc' dir='ltr'><strong>θέτηται</strong></span> <span class='ocrx_word' id='word_1_77' title='bbox 562 1807 664 1882; x_wconf 82' lang='grc' dir='ltr'><strong>καλὸν</strong></span> <span class='ocrx_word' id='word_1_78' title='bbox 686 1807 724 1881; x_wconf 80' lang='grc' dir='ltr'><strong>τὸ</strong></span> <span class='ocrx_word' id='word_1_79' title='bbox 749 1813 936 1906; x_wconf 83' lang='grc' dir='ltr'><strong>χαρίζεσθαι</strong></span> <span class='ocrx_word' id='word_1_80' title='bbox 962 1815 1136 1906; x_wconf 80' lang='grc' dir='ltr'>ἐρασταῖς,</span> <span class='ocrx_word' id='word_1_81' title='bbox 1163 1811 1224 1882; x_wconf 82' lang='grc' dir='ltr'><strong>καὶ</strong></span> <span class='ocrx_word' id='word_1_82' title='bbox 1249 1807 1310 1882; x_wconf 72' lang='grc' dir='ltr'><strong>οὐκ</strong></span> <span class='ocrx_word' id='word_1_83' title='bbox 1336 1807 1376 1882; x_wconf 88' lang='grc' dir='ltr'><strong>ἀν</strong></span> <span class='ocrx_word' id='word_1_84' title='bbox 1402 1835 1453 1895; x_wconf 91' lang='grc' dir='ltr'><strong>τις</strong></span> <span class='ocrx_word' id='word_1_85' title='bbox 1479 1811 1569 1882; x_wconf 89' lang='grc' dir='ltr'><strong>είποι</strong></span> 
     </span>
     <span class='ocr_line' id='line_1_10' title="bbox 405 1934 1565 2035; baseline 0 -24"><span class='ocrx_word' id='word_1_86' title='bbox 405 1935 479 2011; x_wconf 78' lang='grc' dir='ltr'><strong>οὔτε</strong></span> <span class='ocrx_word' id='word_1_87' title='bbox 503 1944 571 2023; x_wconf 90' lang='grc' dir='ltr'><strong>νέος</strong></span> <span class='ocrx_word' id='word_1_88' title='bbox 591 1936 667 2011; x_wconf 81' lang='grc' dir='ltr'><strong>οίτε</strong></span> <span class='ocrx_word' id='word_1_89' title='bbox 686 1936 828 2024; x_wconf 83' lang='grc' dir='ltr'><strong>παλαιὸς</strong></span> <span class='ocrx_word' id='word_1_90' title='bbox 848 1935 890 2024; x_wconf 79' lang='grc' dir='ltr'><strong>ὦς</strong></span> <span class='ocrx_word' id='word_1_91' title='bbox 910 1936 1060 2035; x_wconf 75' lang='grc' dir='ltr'><strong>αἰσχρόν,</strong></span> <span class='ocrx_word' id='word_1_92' title='bbox 1089 1939 1161 2026; x_wconf 86' lang='grc' dir='ltr'><strong>ίνοι,</strong></span> <span class='ocrx_word' id='word_1_93' title='bbox 1188 1936 1296 2030; x_wconf 77' lang='grc' dir='ltr'><strong>οἶμαι,</strong></span> <span class='ocrx_word' id='word_1_94' title='bbox 1323 1935 1370 2030; x_wconf 79' lang='grc' dir='ltr'><strong>μη</strong></span> <span class='ocrx_word' id='word_1_95' title='bbox 1389 1934 1565 2033; x_wconf 82' lang='grc' dir='ltr'><strong>πράγματ’</strong></span> 
     </span>
     <span class='ocr_line' id='line_1_11' title="bbox 405 2063 1567 2170; baseline -0.002 -32"><span class='ocrx_word' id='word_1_96' title='bbox 405 2070 500 2161; x_wconf 82' lang='grc' dir='ltr'><strong>ἔχωσι</strong></span> <span class='ocrx_word' id='word_1_97' title='bbox 518 2064 603 2167; x_wconf 81' lang='grc' dir='ltr'><strong>λίγῳ</strong></span> <span class='ocrx_word' id='word_1_98' title='bbox 623 2064 808 2162; x_wconf 78' lang='grc' dir='ltr'><strong>πειρώμενοι</strong></span> <span class='ocrx_word' id='word_1_99' title='bbox 827 2070 940 2139; x_wconf 81' lang='grc' dir='ltr'><strong>πείθειν</strong></span> <span class='ocrx_word' id='word_1_100' title='bbox 959 2065 1037 2170; x_wconf 75' lang='grc' dir='ltr'><strong>τοὺς</strong></span> <span class='ocrx_word' id='word_1_101' title='bbox 1056 2073 1162 2154; x_wconf 90' lang='grc' dir='ltr'><strong>νέους,</strong></span> <span class='ocrx_word' id='word_1_102' title='bbox 1190 2064 1242 2140; x_wconf 82' lang='grc' dir='ltr'><strong>ἅτ’</strong></span> <span class='ocrx_word' id='word_1_103' title='bbox 1263 2063 1422 2138; x_wconf 77' lang='grc' dir='ltr'><strong>ἀδύνατοι</strong></span> <span class='ocrx_word' id='word_1_104' title='bbox 1440 2070 1567 2160; x_wconf 87' lang='grc' dir='ltr'><strong>λέγειν·</strong></span> 
     </span>
     <span class='ocr_line' id='line_1_12' title="bbox 403 2192 1569 2292; baseline 0 -25"><span class='ocrx_word' id='word_1_105' title='bbox 403 2200 467 2286; x_wconf 77' lang='grc' dir='ltr'><strong>τῆς</strong></span> <span class='ocrx_word' id='word_1_106' title='bbox 490 2192 518 2266; x_wconf 90' lang='grc' dir='ltr'><strong>δ’</strong></span> <span class='ocrx_word' id='word_1_107' title='bbox 544 2192 669 2281; x_wconf 78' lang='grc' dir='ltr'>Ἰωνίας</span> <span class='ocrx_word' id='word_1_108' title='bbox 693 2199 752 2268; x_wconf 84' lang='grc' dir='ltr'><strong>καὶ</strong></span> <span class='ocrx_word' id='word_1_109' title='bbox 776 2193 889 2268; x_wconf 89' lang='grc' dir='ltr'><strong>ἀλλοθι</strong></span> <span class='ocrx_word' id='word_1_110' title='bbox 913 2200 1079 2288; x_wconf 76' lang='grc' dir='ltr'><strong>πολλαχοῦ</strong></span> <span class='ocrx_word' id='word_1_111' title='bbox 1104 2194 1235 2292; x_wconf 79' lang='grc' dir='ltr'><strong>αἰσχρὸν</strong></span> <span class='ocrx_word' id='word_1_112' title='bbox 1262 2192 1465 2287; x_wconf 79' lang='grc' dir='ltr'><strong>νενόμισται,</strong></span> <span class='ocrx_word' id='word_1_113' title='bbox 1493 2192 1569 2267; x_wconf 76' lang='grc' dir='ltr'><strong>ὅσοι</strong></span> 
     </span>
     <span class='ocr_line' id='line_1_13' title="bbox 403 2319 1568 2422; baseline -0.001 -26"><span class='ocrx_word' id='word_1_114' title='bbox 403 2319 466 2396; x_wconf 76' lang='grc' dir='ltr'><strong>ὑπὸ</strong></span> <span class='ocrx_word' id='word_1_115' title='bbox 490 2320 666 2421; x_wconf 81' lang='grc' dir='ltr'><strong>βαρβάροις</strong></span> <span class='ocrx_word' id='word_1_116' title='bbox 692 2328 827 2397; x_wconf 76' lang='grc' dir='ltr'><strong>οἰκοῦσι.</strong></span> <span class='ocrx_word' id='word_1_117' title='bbox 881 2331 948 2409; x_wconf 92' lang='grc' dir='ltr'><strong>τοῖς</strong></span> <span class='ocrx_word' id='word_1_118' title='bbox 970 2322 1035 2422; x_wconf 83' lang='grc' dir='ltr'><strong>γὰρ</strong></span> <span class='ocrx_word' id='word_1_119' title='bbox 1057 2320 1232 2421; x_wconf 79' lang='grc' dir='ltr'><strong>βαρβάροις</strong></span> <span class='ocrx_word' id='word_1_120' title='bbox 1251 2321 1308 2396; x_wconf 88' lang='grc' dir='ltr'><strong>διά</strong></span> <span class='ocrx_word' id='word_1_121' title='bbox 1332 2320 1395 2409; x_wconf 90' lang='grc' dir='ltr'><strong>τάς</strong></span> <span class='ocrx_word' id='word_1_122' title='bbox 1412 2326 1568 2419; x_wconf 80' lang='grc' dir='ltr'><strong>τυραννί-</strong></span> 
     </span>
     <span class='ocr_line' id='line_1_14' title="bbox 403 2447 1567 2548; baseline 0.001 -25"><span class='ocrx_word' id='word_1_123' title='bbox 403 2458 465 2537; x_wconf 90' lang='grc' dir='ltr'><strong>δας</strong></span> <span class='ocrx_word' id='word_1_124' title='bbox 484 2451 614 2548; x_wconf 74' lang='grc' dir='ltr'><strong>αἰσχρὸν</strong></span> <span class='ocrx_word' id='word_1_125' title='bbox 634 2449 731 2526; x_wconf 76' lang='grc' dir='ltr'><strong>τοῦτό</strong></span> <span class='ocrx_word' id='word_1_126' title='bbox 758 2481 812 2541; x_wconf 90' lang='grc' dir='ltr'><strong>τε,</strong></span> <span class='ocrx_word' id='word_1_127' title='bbox 840 2455 899 2525; x_wconf 85' lang='grc' dir='ltr'><strong>καὶ</strong></span> <span class='ocrx_word' id='word_1_128' title='bbox 920 2478 942 2543; x_wconf 99' lang='grc' dir='ltr'><strong>η</strong></span> <span class='ocrx_word' id='word_1_129' title='bbox 968 2480 1006 2547; x_wconf 89' lang='grc' dir='ltr'><strong>γε</strong></span> <span class='ocrx_word' id='word_1_130' title='bbox 1026 2454 1204 2548; x_wconf 81' lang='grc' dir='ltr'><strong>φιλοσοφία</strong></span> <span class='ocrx_word' id='word_1_131' title='bbox 1228 2454 1289 2523; x_wconf 85' lang='grc' dir='ltr'><strong>καί</strong></span> <span class='ocrx_word' id='word_1_132' title='bbox 1314 2447 1337 2544; x_wconf 79' lang='grc' dir='ltr'><strong>ἡ</strong></span> <span class='ocrx_word' id='word_1_133' title='bbox 1361 2458 1567 2546; x_wconf 89' lang='grc' dir='ltr'><strong>φιλογυμνα-</strong></span> 
     </span>
     <span class='ocr_line' id='line_1_15' title="bbox 404 2576 1590 2677; baseline -0.002 -26"><span class='ocrx_word' id='word_1_134' title='bbox 404 2583 491 2651; x_wconf 92' lang='grc' dir='ltr'><strong>στία.</strong></span> <span class='ocrx_word' id='word_1_135' title='bbox 528 2576 565 2651; x_wconf 78' lang='grc' dir='ltr'><strong>οθ</strong></span> <span class='ocrx_word' id='word_1_136' title='bbox 580 2578 656 2675; x_wconf 88' lang='grc' dir='ltr'><strong>γάρ,</strong></span> <span class='ocrx_word' id='word_1_137' title='bbox 683 2578 785 2672; x_wconf 80' lang='grc' dir='ltr'><strong>οἶμαι,</strong></span> <span class='ocrx_word' id='word_1_138' title='bbox 813 2582 964 2677; x_wconf 79' lang='grc' dir='ltr'><strong>ξυμφέρει</strong></span> <span class='ocrx_word' id='word_1_139' title='bbox 980 2590 1048 2667; x_wconf 88' lang='grc' dir='ltr'><strong>τοῖς</strong></span> <span class='ocrx_word' id='word_1_140' title='bbox 1063 2578 1199 2677; x_wconf 90' lang='grc' dir='ltr'><strong>ἀρχουσι</strong></span> <span class='ocrx_word' id='word_1_141' title='bbox 1214 2577 1411 2676; x_wconf 83' lang='grc' dir='ltr'><strong>φρονήματα</strong></span> <span class='ocrx_word' id='word_1_142' title='bbox 1428 2576 1590 2674; x_wconf 72' lang='grc' dir='ltr'><strong>μεγάλαι</strong></span> 
     </span>
    </p>
   </div>
   <div class='ocr_carea' id='block_1_3' title="bbox 626 2683 1567 2730">
    <p class='ocr_par' dir='ltr' id='par_1_4' title="bbox 626 2683 1567 2730">
     <span class='ocr_line' id='line_1_16' title="bbox 626 2683 1567 2730; baseline 0.002 -2"><span class='ocrx_word' id='word_1_143' title='bbox 626 2683 629 2702; x_wconf 41' lang='lat'>6</span> <span class='ocrx_word' id='word_1_144' title='bbox 1550 2706 1567 2730; x_wconf 70' lang='grc' dir='ltr'><strong>(δ</strong></span> 
     </span>
    </p>
   </div>
   <div class='ocr_carea' id='block_1_4' title="bbox 402 2704 1609 4861">
    <p class='ocr_par' dir='ltr' id='par_1_5' title="bbox 403 2704 1609 3318">
     <span class='ocr_line' id='line_1_17' title="bbox 404 2704 1568 2805; baseline 0.003 -26"><span class='ocrx_word' id='word_1_145' title='bbox 404 2709 607 2801; x_wconf 89' lang='grc' dir='ltr'><strong>ἐγγίγνεσθαι</strong></span> <span class='ocrx_word' id='word_1_146' title='bbox 620 2715 683 2779; x_wconf 75' lang='grc' dir='ltr'><strong>τῶν</strong></span> <span class='ocrx_word' id='word_1_147' title='bbox 700 2705 893 2803; x_wconf 87' lang='grc' dir='ltr'><strong>ἀρχομένων,</strong></span> <span class='ocrx_word' id='word_1_148' title='bbox 913 2704 988 2781; x_wconf 73' lang='grc' dir='ltr'><strong>οὐδὲ</strong></span> <span class='ocrx_word' id='word_1_149' title='bbox 1001 2710 1112 2805; x_wconf 85' lang='grc' dir='ltr'><strong>φιλίας</strong></span> <span class='ocrx_word' id='word_1_150' title='bbox 1126 2706 1261 2802; x_wconf 83' lang='grc' dir='ltr'><strong>ἰσχυράς</strong></span> <span class='ocrx_word' id='word_1_151' title='bbox 1275 2710 1333 2780; x_wconf 85' lang='grc' dir='ltr'><strong>καὶ</strong></span> <span class='ocrx_word' id='word_1_152' title='bbox 1346 2709 1531 2798; x_wconf 85' lang='grc' dir='ltr'><strong>κοινωνίας,</strong></span> <span class='ocrx_word' id='word_1_153' title='bbox 1550 2736 1568 2782; x_wconf 92' lang='grc' dir='ltr'><strong>ο</strong></span> 
     </span>
     <span class='ocr_line' id='line_1_18' title="bbox 404 2832 1609 2940; baseline -0.001 -32"><span class='ocrx_word' id='word_1_154' title='bbox 404 2833 446 2928; x_wconf 77' lang='grc' dir='ltr'><strong>δὴ</strong></span> <span class='ocrx_word' id='word_1_155' title='bbox 465 2832 615 2930; x_wconf 87' lang='grc' dir='ltr'><strong>μάλιστα</strong></span> <span class='ocrx_word' id='word_1_156' title='bbox 631 2840 719 2934; x_wconf 91' lang='grc' dir='ltr'><strong>φιλεῖ</strong></span> <span class='ocrx_word' id='word_1_157' title='bbox 732 2834 776 2910; x_wconf 90' lang='grc' dir='ltr'><strong>τά</strong></span> <span class='ocrx_word' id='word_1_158' title='bbox 791 2834 819 2911; x_wconf 89' lang='grc' dir='ltr'><strong>τ’</strong></span> <span class='ocrx_word' id='word_1_159' title='bbox 838 2834 927 2911; x_wconf 86' lang='grc' dir='ltr'><strong>ἀλλα</strong></span> <span class='ocrx_word' id='word_1_160' title='bbox 941 2834 1055 2910; x_wconf 90' lang='grc' dir='ltr'><strong>πάντα</strong></span> <span class='ocrx_word' id='word_1_161' title='bbox 1072 2832 1159 2940; x_wconf 77' lang='grc' dir='ltr'><strong>[καί]</strong></span> <span class='ocrx_word' id='word_1_162' title='bbox 1175 2833 1191 2910; x_wconf 92' lang='lat'>6</span> <span class='ocrx_word' id='word_1_163' title='bbox 1207 2841 1286 2934; x_wconf 81' lang='grc' dir='ltr'><strong>ἔρως</strong></span> <span class='ocrx_word' id='word_1_164' title='bbox 1300 2839 1449 2930; x_wconf 78' lang='grc' dir='ltr'><strong>ἐμποιεῖν.</strong></span> <span class='ocrx_word' id='word_1_165' title='bbox 1479 2839 1566 2938; x_wconf 72' lang='grc' dir='ltr'><strong>ἔργῳ</strong></span> <span class='ocrx_word' id='word_1_166' title='bbox 1606 2890 1609 2895; x_wconf 90' lang='grc'>-</span> 
     </span>
     <span class='ocr_line' id='line_1_19' title="bbox 404 2961 1567 3063; baseline 0.003 -27"><span class='ocrx_word' id='word_1_167' title='bbox 404 2966 440 3037; x_wconf 85' lang='grc' dir='ltr'><strong>δὲ</strong></span> <span class='ocrx_word' id='word_1_168' title='bbox 458 2961 547 3037; x_wconf 80' lang='grc' dir='ltr'><strong>τοῦτ’</strong></span> <span class='ocrx_word' id='word_1_169' title='bbox 570 2970 688 3058; x_wconf 84' lang='grc' dir='ltr'><strong>ἔμαθον</strong></span> <span class='ocrx_word' id='word_1_170' title='bbox 708 2971 768 3039; x_wconf 83' lang='grc' dir='ltr'><strong>καί</strong></span> <span class='ocrx_word' id='word_1_171' title='bbox 789 2970 817 3040; x_wconf 87' lang='grc' dir='ltr'><strong>οἱ</strong></span> <span class='ocrx_word' id='word_1_172' title='bbox 835 2964 946 3039; x_wconf 88' lang='grc' dir='ltr'><strong>ἐνθάδε</strong></span> <span class='ocrx_word' id='word_1_173' title='bbox 967 2963 1132 3062; x_wconf 78' lang='grc' dir='ltr'><strong>τύραννοι·</strong></span> <span class='ocrx_word' id='word_1_174' title='bbox 1160 2963 1176 3039; x_wconf 91' lang='lat'>6</span> <span class='ocrx_word' id='word_1_175' title='bbox 1201 2963 1266 3063; x_wconf 89' lang='grc' dir='ltr'><strong>γοὶρ</strong></span> <span class='ocrx_word' id='word_1_176' title='bbox 1285 2962 1567 3061; x_wconf 89' lang='grc' dir='ltr'><strong>Ἀριστογείτονος</strong></span> 
     </span>
     <span class='ocr_line' id='line_1_20' title="bbox 404 3089 1565 3192; baseline -0.001 -28"><span class='ocrx_word' id='word_1_177' title='bbox 404 3097 482 3187; x_wconf 87' lang='grc' dir='ltr'><strong>ἐρως</strong></span> <span class='ocrx_word' id='word_1_178' title='bbox 500 3095 560 3166; x_wconf 89' lang='grc' dir='ltr'><strong>καὶ</strong></span> <span class='ocrx_word' id='word_1_179' title='bbox 577 3091 599 3188; x_wconf 76' lang='grc' dir='ltr'>ἡ</span> <span class='ocrx_word' id='word_1_180' title='bbox 616 3091 790 3190; x_wconf 77' lang='grc' dir='ltr'><strong>Ἃρμοδίου</strong></span> <span class='ocrx_word' id='word_1_181' title='bbox 811 3099 907 3192; x_wconf 91' lang='grc' dir='ltr'><strong>φιλία</strong></span> <span class='ocrx_word' id='word_1_182' title='bbox 925 3100 1054 3189; x_wconf 84' lang='grc' dir='ltr'><strong>βέβαιος</strong></span> <span class='ocrx_word' id='word_1_183' title='bbox 1077 3101 1231 3189; x_wconf 86' lang='grc' dir='ltr'><strong>γενομένη</strong></span> <span class='ocrx_word' id='word_1_184' title='bbox 1251 3098 1430 3165; x_wconf 84' lang='grc' dir='ltr'><strong>κατέλυσεν</strong></span> <span class='ocrx_word' id='word_1_185' title='bbox 1448 3089 1565 3167; x_wconf 73' lang='grc' dir='ltr'><strong>αὐτῶν</strong></span> 
     </span>
     <span class='ocr_line' id='line_1_21' title="bbox 403 3217 599 3318; baseline 0.005 -4"><span class='ocrx_word' id='word_1_186' title='bbox 403 3219 464 3314; x_wconf 72' lang='grc' dir='ltr'><strong>τήν</strong></span> <span class='ocrx_word' id='word_1_187' title='bbox 484 3217 599 3318; x_wconf 71' lang='grc' dir='ltr'><strong>οἱυιίν·</strong></span> 
     </span>
    </p>

    <p class='ocr_par' dir='ltr' id='par_1_6' title="bbox 402 3342 1590 4861">
     <span class='ocr_line' id='line_1_22' title="bbox 481 3342 1564 3446; baseline 0.002 -26"><span class='ocrx_word' id='word_1_188' title='bbox 481 3353 522 3420; x_wconf 83' lang='grc' dir='ltr'><strong>Χ.</strong></span> <span class='ocrx_word' id='word_1_189' title='bbox 575 3349 690 3436; x_wconf 82' lang='grc' dir='ltr'><strong>Οίίτως</strong></span> <span class='ocrx_word' id='word_1_190' title='bbox 706 3342 743 3423; x_wconf 85' lang='lat'><strong>06</strong></span> <span class='ocrx_word' id='word_1_191' title='bbox 759 3353 815 3445; x_wconf 85' lang='grc' dir='ltr'><strong>μὲν</strong></span> <span class='ocrx_word' id='word_1_192' title='bbox 835 3349 964 3446; x_wconf 83' lang='grc' dir='ltr'><strong>αἰσχρὸν</strong></span> <span class='ocrx_word' id='word_1_193' title='bbox 985 3355 1077 3443; x_wconf 90' lang='grc' dir='ltr'><strong>ἐτέθη</strong></span> <span class='ocrx_word' id='word_1_194' title='bbox 1098 3352 1285 3446; x_wconf 85' lang='grc' dir='ltr'><strong>χαρίζεσθαι</strong></span> <span class='ocrx_word' id='word_1_195' title='bbox 1302 3353 1469 3445; x_wconf 85' lang='grc' dir='ltr'><strong>ἐρασταῖς,</strong></span> <span class='ocrx_word' id='word_1_196' title='bbox 1496 3375 1564 3422; x_wconf 91' lang='grc' dir='ltr'><strong>κα-</strong></span> 
     </span>
     <span class='ocr_line' id='line_1_23' title="bbox 404 3476 1590 3575; baseline 0.001 -26"><span class='ocrx_word' id='word_1_197' title='bbox 404 3479 463 3575; x_wconf 84' lang='grc' dir='ltr'><strong>κίηι</strong></span> <span class='ocrx_word' id='word_1_198' title='bbox 485 3484 548 3550; x_wconf 78' lang='grc' dir='ltr'><strong>τῶν</strong></span> <span class='ocrx_word' id='word_1_199' title='bbox 567 3482 699 3572; x_wconf 88' lang='grc' dir='ltr'><strong>θεμένων</strong></span> <span class='ocrx_word' id='word_1_200' title='bbox 724 3487 849 3568; x_wconf 86' lang='grc' dir='ltr'><strong>κεῖται,</strong></span> <span class='ocrx_word' id='word_1_201' title='bbox 875 3485 939 3551; x_wconf 77' lang='grc' dir='ltr'><strong>τῶν</strong></span> <span class='ocrx_word' id='word_1_202' title='bbox 966 3481 1022 3572; x_wconf 87' lang='grc' dir='ltr'><strong>μὲν</strong></span> <span class='ocrx_word' id='word_1_203' title='bbox 1047 3476 1208 3573; x_wconf 77' lang='grc' dir='ltr'><strong>ἀρχόντων</strong></span> <span class='ocrx_word' id='word_1_204' title='bbox 1230 3478 1416 3575; x_wconf 72' lang='grc' dir='ltr'><strong>πλεονεξίᾳ,</strong></span> <span class='ocrx_word' id='word_1_205' title='bbox 1443 3483 1510 3550; x_wconf 82' lang='grc' dir='ltr'><strong>τῶν</strong></span> <span class='ocrx_word' id='word_1_206' title='bbox 1533 3476 1590 3550; x_wconf 59' lang='grc' dir='ltr'><strong>δἐἰ</strong></span> 
     </span>
     <span class='ocr_line' id='line_1_24' title="bbox 403 3599 1562 3705; baseline -0.001 -26"><span class='ocrx_word' id='word_1_207' title='bbox 403 3602 586 3704; x_wconf 81' lang='grc' dir='ltr'><strong>ἀρχομένων</strong></span> <span class='ocrx_word' id='word_1_208' title='bbox 614 3603 793 3705; x_wconf 77' lang='grc' dir='ltr'><strong>ἀνανδρία·</strong></span> <span class='ocrx_word' id='word_1_209' title='bbox 827 3599 865 3680; x_wconf 77' lang='grc' dir='ltr'><strong>οὗ</strong></span> <span class='ocrx_word' id='word_1_210' title='bbox 888 3608 923 3679; x_wconf 83' lang='grc' dir='ltr'><strong>δὲ</strong></span> <span class='ocrx_word' id='word_1_211' title='bbox 950 3605 1053 3679; x_wconf 80' lang='grc' dir='ltr'><strong>καλὸν</strong></span> <span class='ocrx_word' id='word_1_212' title='bbox 1082 3603 1197 3692; x_wconf 79' lang='grc' dir='ltr'><strong>οἱπλῶς</strong></span> <span class='ocrx_word' id='word_1_213' title='bbox 1221 3609 1388 3699; x_wconf 85' lang='grc' dir='ltr'><strong>ἐνομίσθη,</strong></span> <span class='ocrx_word' id='word_1_214' title='bbox 1414 3604 1472 3678; x_wconf 89' lang='grc' dir='ltr'><strong>διαὶ</strong></span> <span class='ocrx_word' id='word_1_215' title='bbox 1498 3605 1562 3698; x_wconf 76' lang='grc' dir='ltr'><strong>την</strong></span> 
     </span>
     <span class='ocr_line' id='line_1_25' title="bbox 404 3730 1563 3833; baseline 0 -25"><span class='ocrx_word' id='word_1_216' title='bbox 404 3740 467 3808; x_wconf 76' lang='grc' dir='ltr'><strong>τῶν</strong></span> <span class='ocrx_word' id='word_1_217' title='bbox 486 3740 618 3828; x_wconf 84' lang='grc' dir='ltr'><strong>θεμένων</strong></span> <span class='ocrx_word' id='word_1_218' title='bbox 639 3737 702 3826; x_wconf 77' lang='grc' dir='ltr'><strong>τῆς</strong></span> <span class='ocrx_word' id='word_1_219' title='bbox 720 3737 830 3833; x_wconf 82' lang='grc' dir='ltr'><strong>ψυχης</strong></span> <span class='ocrx_word' id='word_1_220' title='bbox 848 3732 976 3832; x_wconf 91' lang='grc' dir='ltr'><strong>ἀργίαν.</strong></span> <span class='ocrx_word' id='word_1_221' title='bbox 1032 3730 1143 3807; x_wconf 90' lang='grc' dir='ltr'><strong>ἐνθάδε</strong></span> <span class='ocrx_word' id='word_1_222' title='bbox 1165 3737 1202 3806; x_wconf 88' lang='grc' dir='ltr'><strong>δὲ</strong></span> <span class='ocrx_word' id='word_1_223' title='bbox 1222 3732 1304 3807; x_wconf 75' lang='grc' dir='ltr'><strong>πολὺ</strong></span> <span class='ocrx_word' id='word_1_224' title='bbox 1328 3731 1451 3807; x_wconf 71' lang='grc' dir='ltr'><strong>τούτων</strong></span> <span class='ocrx_word' id='word_1_225' title='bbox 1474 3731 1563 3807; x_wconf 90' lang='grc' dir='ltr'><strong>κάλ-</strong></span> 
     </span>
     <span class='ocr_line' id='line_1_26' title="bbox 403 3860 1563 3961; baseline 0.002 -27"><span class='ocrx_word' id='word_1_226' title='bbox 403 3868 469 3935; x_wconf 91' lang='grc' dir='ltr'><strong>λιον</strong></span> <span class='ocrx_word' id='word_1_227' title='bbox 494 3867 741 3957; x_wconf 87' lang='grc' dir='ltr'><strong>νενομοθέτηται</strong></span> <span class='ocrx_word' id='word_1_228' title='bbox 767 3867 842 3951; x_wconf 87' lang='grc' dir='ltr'><strong>καί,</strong></span> <span class='ocrx_word' id='word_1_229' title='bbox 868 3861 946 3959; x_wconf 74' lang='grc' dir='ltr'><strong>ὅπερ</strong></span> <span class='ocrx_word' id='word_1_230' title='bbox 964 3861 1070 3954; x_wconf 79' lang='grc' dir='ltr'><strong>εἶπον,</strong></span> <span class='ocrx_word' id='word_1_231' title='bbox 1097 3860 1133 3936; x_wconf 72' lang='grc' dir='ltr'><strong>οὐ</strong></span> <span class='ocrx_word' id='word_1_232' title='bbox 1152 3861 1261 3961; x_wconf 71' lang='grc' dir='ltr'><strong>ῥᾴδιον</strong></span> <span class='ocrx_word' id='word_1_233' title='bbox 1282 3869 1493 3954; x_wconf 83' lang='grc' dir='ltr'><strong>κατανοῆσαι</strong></span> <span class='ocrx_word' id='word_1_234' title='bbox 1512 3869 1563 3936; x_wconf 79' lang='grc' dir='ltr'><strong>ἐν·</strong></span> 
     </span>
     <span class='ocr_line' id='line_1_27' title="bbox 403 3986 1561 4088; baseline 0 -26"><span class='ocrx_word' id='word_1_235' title='bbox 403 3995 574 4084; x_wconf 88' lang='grc' dir='ltr'><strong>θυμηθέντι</strong></span> <span class='ocrx_word' id='word_1_236' title='bbox 595 3988 624 4085; x_wconf 88' lang='grc' dir='ltr'><strong>γ’</strong></span> <span class='ocrx_word' id='word_1_237' title='bbox 645 3990 696 4064; x_wconf 78' lang='grc' dir='ltr'><strong>ὅτι</strong></span> <span class='ocrx_word' id='word_1_238' title='bbox 718 3997 851 4087; x_wconf 88' lang='grc' dir='ltr'><strong>λέγεται</strong></span> <span class='ocrx_word' id='word_1_239' title='bbox 867 3989 1001 4064; x_wconf 90' lang='grc' dir='ltr'><strong>κάλλιον</strong></span> <span class='ocrx_word' id='word_1_240' title='bbox 1024 3989 1062 4064; x_wconf 82' lang='grc' dir='ltr'><strong>τὸ</strong></span> <span class='ocrx_word' id='word_1_241' title='bbox 1082 3986 1227 4088; x_wconf 79' lang='grc' dir='ltr'><strong>φανερῶς</strong></span> <span class='ocrx_word' id='word_1_242' title='bbox 1252 3996 1330 4088; x_wconf 88' lang='grc' dir='ltr'><strong>ἐροῖν</strong></span> <span class='ocrx_word' id='word_1_243' title='bbox 1353 3994 1413 4065; x_wconf 75' lang='grc' dir='ltr'><strong>τοῦ</strong></span> <span class='ocrx_word' id='word_1_244' title='bbox 1439 3989 1561 4088; x_wconf 78' lang='grc' dir='ltr'><strong>λάθρᾳ,</strong></span> 
     </span>
     <span class='ocr_line' id='line_1_28' title="bbox 402 4117 1562 4217; baseline 0.003 -26"><span class='ocrx_word' id='word_1_245' title='bbox 402 4120 463 4191; x_wconf 86' lang='grc' dir='ltr'><strong>καὶ</strong></span> <span class='ocrx_word' id='word_1_246' title='bbox 480 4117 628 4213; x_wconf 89' lang='grc' dir='ltr'><strong>μάλιστα</strong></span> <span class='ocrx_word' id='word_1_247' title='bbox 645 4126 709 4192; x_wconf 76' lang='grc' dir='ltr'><strong>τῶν</strong></span> <span class='ocrx_word' id='word_1_248' title='bbox 729 4118 967 4214; x_wconf 84' lang='grc' dir='ltr'><strong>γενναιοτάτων</strong></span> <span class='ocrx_word' id='word_1_249' title='bbox 987 4123 1047 4193; x_wconf 87' lang='grc' dir='ltr'><strong>καὶ</strong></span> <span class='ocrx_word' id='word_1_250' title='bbox 1063 4118 1224 4217; x_wconf 90' lang='grc' dir='ltr'><strong>ἀρίστων,</strong></span> <span class='ocrx_word' id='word_1_251' title='bbox 1251 4118 1316 4193; x_wconf 84' lang='grc' dir='ltr'><strong>κάν</strong></span> <span class='ocrx_word' id='word_1_252' title='bbox 1333 4123 1480 4214; x_wconf 85' lang='grc' dir='ltr'><strong>αἰσχίους</strong></span> <span class='ocrx_word' id='word_1_253' title='bbox 1498 4119 1562 4194; x_wconf 87' lang='grc' dir='ltr'><strong>άλ-</strong></span> 
     </span>
     <span class='ocr_line' id='line_1_29' title="bbox 402 4240 1561 4349; baseline 0.003 -31"><span class='ocrx_word' id='word_1_254' title='bbox 402 4251 465 4321; x_wconf 91' lang='grc' dir='ltr'><strong>λων</strong></span> <span class='ocrx_word' id='word_1_255' title='bbox 486 4240 563 4335; x_wconf 79' lang='grc' dir='ltr'><strong>ὦσι,</strong></span> <span class='ocrx_word' id='word_1_256' title='bbox 591 4250 650 4320; x_wconf 88' lang='grc' dir='ltr'><strong>καὶ</strong></span> <span class='ocrx_word' id='word_1_257' title='bbox 667 4247 717 4321; x_wconf 77' lang='grc' dir='ltr'><strong>θτι</strong></span> <span class='ocrx_word' id='word_1_258' title='bbox 740 4242 785 4321; x_wconf 76' lang='grc' dir='ltr'><strong>αθ</strong></span> <span class='ocrx_word' id='word_1_259' title='bbox 805 4245 827 4342; x_wconf 77' lang='grc' dir='ltr'><strong>ἡ</strong></span> <span class='ocrx_word' id='word_1_260' title='bbox 849 4255 1091 4346; x_wconf 84' lang='grc' dir='ltr'><strong>παρακέλευσις</strong></span> <span class='ocrx_word' id='word_1_261' title='bbox 1114 4255 1160 4349; x_wconf 79' lang='grc' dir='ltr'><strong>τῷ</strong></span> <span class='ocrx_word' id='word_1_262' title='bbox 1180 4253 1291 4345; x_wconf 76' lang='grc' dir='ltr'><strong>ἐρῶντι</strong></span> <span class='ocrx_word' id='word_1_263' title='bbox 1312 4246 1404 4344; x_wconf 87' lang='grc' dir='ltr'><strong>παροὶ</strong></span> <span class='ocrx_word' id='word_1_264' title='bbox 1423 4246 1561 4322; x_wconf 87' lang='grc' dir='ltr'><strong>πάντων</strong></span> 
     </span>
     <span class='ocr_line' id='line_1_30' title="bbox 403 4373 1561 4474; baseline 0.003 -28"><span class='ocrx_word' id='word_1_265' title='bbox 403 4373 598 4470; x_wconf 82' lang='grc' dir='ltr'><strong>θαυμαστή,</strong></span> <span class='ocrx_word' id='word_1_266' title='bbox 626 4373 685 4470; x_wconf 80' lang='grc' dir='ltr'><strong>οίχ</strong></span> <span class='ocrx_word' id='word_1_267' title='bbox 706 4375 749 4462; x_wconf 77' lang='grc' dir='ltr'><strong>ὥς</strong></span> <span class='ocrx_word' id='word_1_268' title='bbox 771 4405 803 4450; x_wconf 91' lang='grc' dir='ltr'><strong>τι</strong></span> <span class='ocrx_word' id='word_1_269' title='bbox 828 4376 960 4474; x_wconf 80' lang='grc' dir='ltr'><strong>αἰσχρὸν</strong></span> <span class='ocrx_word' id='word_1_270' title='bbox 988 4382 1149 4468; x_wconf 75' lang='grc' dir='ltr'><strong>ποιοῦντι,</strong></span> <span class='ocrx_word' id='word_1_271' title='bbox 1176 4379 1236 4450; x_wconf 85' lang='grc' dir='ltr'><strong>καὶ</strong></span> <span class='ocrx_word' id='word_1_272' title='bbox 1262 4375 1365 4450; x_wconf 83' lang='grc' dir='ltr'><strong>έλίντι</strong></span> <span class='ocrx_word' id='word_1_273' title='bbox 1390 4405 1427 4449; x_wconf 91' lang='grc' dir='ltr'><strong>τε</strong></span> <span class='ocrx_word' id='word_1_274' title='bbox 1453 4377 1561 4452; x_wconf 75' lang='grc' dir='ltr'><strong>καλὸν</strong></span> 
     </span>
     <span class='ocr_line' id='line_1_31' title="bbox 402 4501 1584 4603; baseline 0.004 -29"><span class='ocrx_word' id='word_1_275' title='bbox 402 4509 493 4576; x_wconf 91' lang='grc' dir='ltr'><strong>δοκεῖ</strong></span> <span class='ocrx_word' id='word_1_276' title='bbox 506 4501 588 4577; x_wconf 86' lang='grc' dir='ltr'><strong>είναι</strong></span> <span class='ocrx_word' id='word_1_277' title='bbox 605 4507 664 4576; x_wconf 87' lang='grc' dir='ltr'><strong>καὶ</strong></span> <span class='ocrx_word' id='word_1_278' title='bbox 687 4504 734 4598; x_wconf 82' lang='grc' dir='ltr'><strong>μή</strong></span> <span class='ocrx_word' id='word_1_279' title='bbox 752 4502 858 4579; x_wconf 86' lang='grc' dir='ltr'><strong>ἐλίντι</strong></span> <span class='ocrx_word' id='word_1_280' title='bbox 877 4504 1025 4603; x_wconf 85' lang='grc' dir='ltr'><strong>αίσχρίν,</strong></span> <span class='ocrx_word' id='word_1_281' title='bbox 1053 4509 1112 4579; x_wconf 83' lang='grc' dir='ltr'><strong>καί</strong></span> <span class='ocrx_word' id='word_1_282' title='bbox 1131 4503 1212 4603; x_wconf 78' lang='grc' dir='ltr'><strong>πρὸς</strong></span> <span class='ocrx_word' id='word_1_283' title='bbox 1228 4503 1265 4579; x_wconf 79' lang='grc' dir='ltr'><strong>τὸ</strong></span> <span class='ocrx_word' id='word_1_284' title='bbox 1286 4510 1449 4601; x_wconf 79' lang='grc' dir='ltr'><strong>ἐπιχειρεῖν</strong></span> <span class='ocrx_word' id='word_1_285' title='bbox 1473 4509 1584 4581; x_wconf 73' lang='grc' dir='ltr'><strong>ἐλεῖνι</strong></span> 
     </span>
     <span class='ocr_line' id='line_1_32' title="bbox 403 4629 1563 4738; baseline 0.004 -36"><span class='ocrx_word' id='word_1_286' title='bbox 403 4632 553 4719; x_wconf 80' lang='grc' dir='ltr'><strong>ἐξουσίαν</strong></span> <span class='ocrx_word' id='word_1_287' title='bbox 570 4629 586 4702; x_wconf 95' lang='lat'>6</span> <span class='ocrx_word' id='word_1_288' title='bbox 605 4630 699 4726; x_wconf 79' lang='grc' dir='ltr'><strong>νίμος</strong></span> <span class='ocrx_word' id='word_1_289' title='bbox 715 4639 835 4707; x_wconf 87' lang='grc' dir='ltr'><strong>δεδωκε</strong></span> <span class='ocrx_word' id='word_1_290' title='bbox 851 4638 898 4734; x_wconf 75' lang='grc' dir='ltr'><strong>τῷ</strong></span> <span class='ocrx_word' id='word_1_291' title='bbox 916 4639 1043 4731; x_wconf 73' lang='grc' dir='ltr'><strong>ἐραστῇ</strong></span> <span class='ocrx_word' id='word_1_292' title='bbox 1061 4632 1240 4728; x_wconf 84' lang='grc' dir='ltr'><strong>θαυμαστά</strong></span> <span class='ocrx_word' id='word_1_293' title='bbox 1256 4638 1337 4730; x_wconf 87' lang='grc' dir='ltr'><strong>ἐργοι</strong></span> <span class='ocrx_word' id='word_1_294' title='bbox 1356 4639 1563 4738; x_wconf 82' lang='grc' dir='ltr'><strong>ἐργαζομένῳ</strong></span> 
     </span>
     <span class='ocr_line' id='line_1_33' title="bbox 403 4758 1564 4861; baseline 0.007 -30"><span class='ocrx_word' id='word_1_295' title='bbox 403 4764 613 4849; x_wconf 88' lang='grc' dir='ltr'><strong>ἐπαινεῖσθαι,</strong></span> <span class='ocrx_word' id='word_1_296' title='bbox 640 4758 664 4832; x_wconf 80' lang='grc' dir='ltr'><strong>οἳ</strong></span> <span class='ocrx_word' id='word_1_297' title='bbox 681 4764 775 4848; x_wconf 80' lang='grc' dir='ltr'><strong>εἴτις</strong></span> <span class='ocrx_word' id='word_1_298' title='bbox 791 4760 922 4861; x_wconf 84' lang='grc' dir='ltr'><strong>τολμῴη</strong></span> <span class='ocrx_word' id='word_1_299' title='bbox 939 4771 1038 4836; x_wconf 87' lang='grc' dir='ltr'><strong>ποιεῖν</strong></span> <span class='ocrx_word' id='word_1_300' title='bbox 1057 4760 1129 4836; x_wconf 92' lang='grc' dir='ltr'><strong>ἀλλ’</strong></span> <span class='ocrx_word' id='word_1_301' title='bbox 1148 4760 1252 4836; x_wconf 82' lang='grc' dir='ltr'><strong>ὁτιοῦν</strong></span> <span class='ocrx_word' id='word_1_302' title='bbox 1268 4759 1392 4834; x_wconf 80' lang='grc' dir='ltr'><strong>διοίκων</strong></span> <span class='ocrx_word' id='word_1_303' title='bbox 1407 4765 1469 4836; x_wconf 87' lang='grc' dir='ltr'><strong>καὶ</strong></span> <span class='ocrx_word' id='word_1_304' title='bbox 1483 4769 1564 4856; x_wconf 85' lang='grc' dir='ltr'><strong>βου-</strong></span> 
     </span>
    </p>
   </div>
   <div class='ocr_carea' id='block_1_5' title="bbox 338 4885 1587 4989">
    <p class='ocr_par' dir='ltr' id='par_1_7' title="bbox 338 4885 1587 4989">
     <span class='ocr_line' id='line_1_34' title="bbox 338 4885 1587 4989; baseline 0.008 -31"><span class='ocrx_word' id='word_1_305' title='bbox 338 4885 533 4983; x_wconf 66' lang='grc' dir='ltr'><strong>ιεηλόμενος</strong></span> <span class='ocrx_word' id='word_1_306' title='bbox 561 4887 807 4987; x_wconf 81' lang='grc' dir='ltr'><strong>διαπράξασθαι</strong></span> <span class='ocrx_word' id='word_1_307' title='bbox 833 4889 919 4987; x_wconf 75' lang='grc' dir='ltr'><strong>πλὴν</strong></span> <span class='ocrx_word' id='word_1_308' title='bbox 947 4895 1064 4981; x_wconf 78' lang='grc' dir='ltr'><strong>τοῦτο,</strong></span> <span class='ocrx_word' id='word_1_309' title='bbox 1098 4891 1144 4964; x_wconf 86' lang='grc' dir='ltr'><strong>τά</strong></span> <span class='ocrx_word' id='word_1_310' title='bbox 1168 4897 1310 4986; x_wconf 88' lang='grc' dir='ltr'><strong>μέγιστα</strong></span> <span class='ocrx_word' id='word_1_311' title='bbox 1335 4890 1484 4989; x_wconf 85' lang='grc' dir='ltr'><strong>καρποῖτ’</strong></span> <span class='ocrx_word' id='word_1_312' title='bbox 1517 4892 1587 4967; x_wconf 74' lang='grc' dir='ltr'><strong>ἀνι</strong></span> 
     </span>
    </p>
   </div>
   <div class='ocr_carea' id='block_1_6' title="bbox 0 0 1930 5700">
    <p class='ocr_par' dir='ltr' id='par_1_8' title="bbox 0 0 1930 5700">
     <span class='ocr_line' id='line_1_35' title="bbox 0 0 1930 5700; baseline 0 0"><span class='ocrx_word' id='word_1_313' title='bbox 0 0 1930 5700; x_wconf 95' lang='lat' dir='ltr'><strong> </strong></span> 
     </span>
    </p>
   </div>
  </div>
 </body>
</html>
