<?xml version="1.0" encoding="UTF-8"?>
<!DOCTYPE html PUBLIC "-//W3C//DTD XHTML 1.0 Transitional//EN"
    "http://www.w3.org/TR/xhtml1/DTD/xhtml1-transitional.dtd">
<html xmlns="http://www.w3.org/1999/xhtml" xml:lang="en" lang="en">
 <head>
  <title>
</title>
<meta http-equiv="Content-Type" content="text/html;charset=utf-8" />
  <meta name='ocr-system' content='tesseract 3.04.00' />
  <meta name='ocr-capabilities' content='ocr_page ocr_carea ocr_par ocr_line ocrx_word'/>
</head>
<body>
  <div class='ocr_page' id='page_1' title='image "./platonisconvivi00platgoog_0029.png"; bbox 0 0 3850 5700; ppageno 0'>
   <div class='ocr_carea' id='block_1_1' title="bbox 573 800 1405 871">
    <p class='ocr_par' dir='ltr' id='par_1_1' title="bbox 573 800 1405 871">
     <span class='ocr_line' id='line_1_1' title="bbox 573 800 1405 871; baseline 0.008 -9"><span class='ocrx_word' id='word_1_1' title='bbox 573 818 617 862; x_wconf 86' lang='lat' dir='ltr'><strong>DE</strong></span> <span class='ocrx_word' id='word_1_2' title='bbox 638 819 792 865; x_wconf 79' lang='lat' dir='ltr'>PLATONIS</span> <span class='ocrx_word' id='word_1_3' title='bbox 814 822 952 867; x_wconf 85' lang='lat' dir='ltr'>LEGIBUS</span> <span class='ocrx_word' id='word_1_4' title='bbox 973 822 1147 871; x_wconf 65' lang='grc' dir='ltr'><strong>ΕΡῙὸῚῸΙιΔ,Ι</strong></span> <span class='ocrx_word' id='word_1_5' title='bbox 1188 800 1190 803; x_wconf 22' lang='lat'><strong>⁴</strong></span> <span class='ocrx_word' id='word_1_6' title='bbox 1368 801 1405 869; x_wconf 68' lang='lat' dir='ltr'><strong>ix</strong></span> 
     </span>
    </p>
   </div>
   <div class='ocr_carea' id='block_1_2' title="bbox 302 991 1457 2534">
    <p class='ocr_par' dir='ltr' id='par_1_2' title="bbox 309 991 1457 1313">
     <span class='ocr_line' id='line_1_2' title="bbox 311 991 1457 1088; baseline 0.009 -30"><span class='ocrx_word' id='word_1_7' title='bbox 311 991 469 1081; x_wconf 79' lang='grc' dir='ltr'>ῶφελειαν</span> <span class='ocrx_word' id='word_1_8' title='bbox 488 1016 553 1063; x_wconf 78' lang='lat' dir='ltr'><strong>esse</strong></span> <span class='ocrx_word' id='word_1_9' title='bbox 574 995 612 1061; x_wconf 84' lang='grc' dir='ltr'><strong>τὸ</strong></span> <span class='ocrx_word' id='word_1_10' title='bbox 636 995 814 1085; x_wconf 88' lang='grc' dir='ltr'>ὀρθότατον.</span> <span class='ocrx_word' id='word_1_11' title='bbox 866 1000 963 1087; x_wconf 81' lang='lat' dir='ltr'><strong>Lege,</strong></span> <span class='ocrx_word' id='word_1_12' title='bbox 986 999 1044 1081; x_wconf 79' lang='grc' dir='ltr'><strong>τὴν</strong></span> <span class='ocrx_word' id='word_1_13' title='bbox 1066 1000 1092 1065; x_wconf 88' lang='grc' dir='ltr'><strong>δ’</strong></span> <span class='ocrx_word' id='word_1_14' title='bbox 1114 999 1270 1088; x_wconf 83' lang='grc' dir='ltr'>ὀρθότητά</span> <span class='ocrx_word' id='word_1_15' title='bbox 1291 1026 1326 1066; x_wconf 85' lang='grc' dir='ltr'><strong>τε</strong></span> <span class='ocrx_word' id='word_1_16' title='bbox 1349 999 1404 1071; x_wconf 77' lang='grc' dir='ltr'>καί</span> <span class='ocrx_word' id='word_1_17' title='bbox 1454 1012 1457 1018; x_wconf 90' lang='grc'><strong>’</strong></span> 
     </span>
     <span class='ocr_line' id='line_1_3' title="bbox 311 1104 1401 1201; baseline 0.006 -30"><span class='ocrx_word' id='word_1_18' title='bbox 311 1104 475 1193; x_wconf 78' lang='grc' dir='ltr'>ὠφέλειαν,</span> <span class='ocrx_word' id='word_1_19' title='bbox 495 1106 572 1196; x_wconf 86' lang='grc' dir='ltr'>ὅπερ</span> <span class='ocrx_word' id='word_1_20' title='bbox 587 1108 719 1191; x_wconf 84' lang='grc' dir='ltr'>ὑγιεινὸν</span> <span class='ocrx_word' id='word_1_21' title='bbox 736 1113 800 1176; x_wconf 90' lang='grc' dir='ltr'><strong>τῶν</strong></span> <span class='ocrx_word' id='word_1_22' title='bbox 814 1112 1079 1201; x_wconf 75' lang='grc' dir='ltr'>προσφερομένων</span> <span class='ocrx_word' id='word_1_23' title='bbox 1090 1111 1224 1196; x_wconf 80' lang='grc' dir='ltr'>λέγομεν</span> <span class='ocrx_word' id='word_1_24' title='bbox 1241 1111 1401 1187; x_wconf 81' lang='grc' dir='ltr'>ἑκάστοτε,</span> 
     </span>
     <span class='ocr_line' id='line_1_4' title="bbox 309 1217 1400 1313; baseline 0.006 -29"><span class='ocrx_word' id='word_1_25' title='bbox 309 1217 394 1285; x_wconf 84' lang='grc' dir='ltr'>τοῦτ’</span> <span class='ocrx_word' id='word_1_26' title='bbox 408 1217 486 1285; x_wconf 83' lang='grc' dir='ltr'>αὐτὸ</span> <span class='ocrx_word' id='word_1_27' title='bbox 500 1218 578 1286; x_wconf 81' lang='grc' dir='ltr'>εἰναι</span> <span class='ocrx_word' id='word_1_28' title='bbox 593 1221 626 1286; x_wconf 84' lang='grc' dir='ltr'><strong>ἐν</strong></span> <span class='ocrx_word' id='word_1_29' title='bbox 638 1222 744 1293; x_wconf 82' lang='grc' dir='ltr'>αὐτοῖς</span> <span class='ocrx_word' id='word_1_30' title='bbox 757 1222 794 1289; x_wconf 84' lang='grc' dir='ltr'><strong>τὸ</strong></span> <span class='ocrx_word' id='word_1_31' title='bbox 808 1222 1024 1313; x_wconf 80' lang='grc' dir='ltr'>παρεχόμενον</span> <span class='ocrx_word' id='word_1_32' title='bbox 1037 1225 1090 1291; x_wconf 78' lang='lat' dir='ltr'><strong>trel</strong></span> <span class='ocrx_word' id='word_1_33' title='bbox 1103 1224 1206 1290; x_wconf 90' lang='lat' dir='ltr'><strong>simile</strong></span> <span class='ocrx_word' id='word_1_34' title='bbox 1219 1225 1310 1311; x_wconf 82' lang='lat' dir='ltr'><strong>quid.</strong></span> <span class='ocrx_word' id='word_1_35' title='bbox 1398 1262 1400 1266; x_wconf 95' lang='lat'>·</span> 
     </span>
    </p>

    <p class='ocr_par' dir='ltr' id='par_1_3' title="bbox 302 1329 1402 2534">
     <span class='ocr_line' id='line_1_5' title="bbox 353 1329 1402 1422; baseline 0.006 -27"><span class='ocrx_word' id='word_1_36' title='bbox 353 1330 426 1396; x_wconf 90' lang='grc'><strong>668.</strong></span> <span class='ocrx_word' id='word_1_37' title='bbox 469 1329 523 1396; x_wconf 87' lang='grc' dir='ltr'>καὶ</span> <span class='ocrx_word' id='word_1_38' title='bbox 536 1331 629 1398; x_wconf 83' lang='grc' dir='ltr'>τοῦτό</span> <span class='ocrx_word' id='word_1_39' title='bbox 642 1358 679 1416; x_wconf 85' lang='grc' dir='ltr'><strong>γε</strong></span> <span class='ocrx_word' id='word_1_40' title='bbox 695 1336 764 1416; x_wconf 84' lang='grc' dir='ltr'><strong>μῶυ</strong></span> <span class='ocrx_word' id='word_1_41' title='bbox 781 1335 863 1400; x_wconf 81' lang='grc' dir='ltr'>κ.τ.ἑ.</span> <span class='ocrx_word' id='word_1_42' title='bbox 907 1336 1000 1402; x_wconf 89' lang='lat' dir='ltr'>Idem</span> <span class='ocrx_word' id='word_1_43' title='bbox 1018 1337 1158 1422; x_wconf 85' lang='lat' dir='ltr'><strong>primum</strong></span> <span class='ocrx_word' id='word_1_44' title='bbox 1176 1336 1244 1422; x_wconf 88' lang='lat' dir='ltr'><strong>ipse</strong></span> <span class='ocrx_word' id='word_1_45' title='bbox 1263 1336 1402 1403; x_wconf 86' lang='lat' dir='ltr'><strong>fidenter</strong></span> 
     </span>
     <span class='ocr_line' id='line_1_6' title="bbox 304 1441 1396 1534; baseline 0.006 -28"><span class='ocrx_word' id='word_1_46' title='bbox 304 1441 500 1527; x_wconf 76' lang='lat' dir='ltr'><strong>pronuntiat,</strong></span> <span class='ocrx_word' id='word_1_47' title='bbox 523 1450 593 1508; x_wconf 89' lang='lat' dir='ltr'><strong>tum</strong></span> <span class='ocrx_word' id='word_1_48' title='bbox 614 1444 654 1509; x_wconf 86' lang='lat' dir='ltr'><strong>eb</strong></span> <span class='ocrx_word' id='word_1_49' title='bbox 676 1444 737 1510; x_wconf 75' lang='lat' dir='ltr'><strong>aiio</strong></span> <span class='ocrx_word' id='word_1_50' title='bbox 758 1445 874 1531; x_wconf 83' lang='lat' dir='ltr'><strong>quaerit</strong></span> <span class='ocrx_word' id='word_1_51' title='bbox 894 1445 1019 1511; x_wconf 84' lang='lat' dir='ltr'>idemne</span> <span class='ocrx_word' id='word_1_52' title='bbox 1040 1445 1165 1512; x_wconf 84' lang='lat' dir='ltr'><strong>sentiat.</strong></span> <span class='ocrx_word' id='word_1_53' title='bbox 1208 1444 1313 1534; x_wconf 81' lang='lat' dir='ltr'><strong>Atqui</strong></span> <span class='ocrx_word' id='word_1_54' title='bbox 1334 1447 1396 1513; x_wconf 86' lang='lat' dir='ltr'><strong>hoo</strong></span> 
     </span>
     <span class='ocr_line' id='line_1_7' title="bbox 308 1525 1402 1644; baseline 0.008 -29"><span class='ocrx_word' id='word_1_55' title='bbox 308 1550 399 1616; x_wconf 80' lang='lat' dir='ltr'><strong>nulla</strong></span> <span class='ocrx_word' id='word_1_56' title='bbox 426 1552 489 1618; x_wconf 77' lang='lat' dir='ltr'><strong>elia</strong></span> <span class='ocrx_word' id='word_1_57' title='bbox 513 1554 553 1619; x_wconf 88' lang='lat' dir='ltr'><strong>de</strong></span> <span class='ocrx_word' id='word_1_58' title='bbox 577 1577 671 1620; x_wconf 81' lang='lat' dir='ltr'><strong>oense</strong></span> <span class='ocrx_word' id='word_1_59' title='bbox 693 1554 795 1622; x_wconf 83' lang='lat' dir='ltr'><strong>faeere</strong></span> <span class='ocrx_word' id='word_1_60' title='bbox 818 1525 930 1643; x_wconf 60' lang='lat' dir='ltr'><strong>potesti</strong></span> <span class='ocrx_word' id='word_1_61' title='bbox 955 1580 1052 1644; x_wconf 87' lang='lat' dir='ltr'><strong>quem</strong></span> <span class='ocrx_word' id='word_1_62' title='bbox 1076 1579 1117 1622; x_wconf 90' lang='lat' dir='ltr'><strong>ne</strong></span> <span class='ocrx_word' id='word_1_63' title='bbox 1141 1556 1251 1622; x_wconf 86' lang='lat' dir='ltr'><strong>nimiae</strong></span> <span class='ocrx_word' id='word_1_64' title='bbox 1274 1556 1402 1624; x_wconf 80' lang='lat' dir='ltr'><strong>fiduoiae</strong></span> 
     </span>
     <span class='ocr_line' id='line_1_8' title="bbox 307 1664 1395 1756; baseline 0.004 -27"><span class='ocrx_word' id='word_1_65' title='bbox 307 1664 444 1750; x_wconf 86' lang='lat' dir='ltr'><strong>speeiem</strong></span> <span class='ocrx_word' id='word_1_66' title='bbox 462 1664 629 1753; x_wconf 83' lang='lat' dir='ltr'><strong>praeferet;</strong></span> <span class='ocrx_word' id='word_1_67' title='bbox 652 1667 720 1733; x_wconf 86' lang='lat' dir='ltr'><strong>hese</strong></span> <span class='ocrx_word' id='word_1_68' title='bbox 738 1667 840 1755; x_wconf 85' lang='lat' dir='ltr'><strong>igitur</strong></span> <span class='ocrx_word' id='word_1_69' title='bbox 853 1668 1010 1735; x_wconf 83' lang='lat' dir='ltr'><strong>sententia</strong></span> <span class='ocrx_word' id='word_1_70' title='bbox 1023 1668 1111 1734; x_wconf 87' lang='lat' dir='ltr'><strong>illius</strong></span> <span class='ocrx_word' id='word_1_71' title='bbox 1124 1691 1218 1735; x_wconf 84' lang='lat' dir='ltr'><strong>oense</strong></span> <span class='ocrx_word' id='word_1_72' title='bbox 1234 1668 1395 1756; x_wconf 79' lang='lat' dir='ltr'><strong>adjicitur.</strong></span> 
     </span>
     <span class='ocr_line' id='line_1_9' title="bbox 308 1774 1399 1867; baseline 0.004 -27"><span class='ocrx_word' id='word_1_73' title='bbox 308 1774 389 1848; x_wconf 81' lang='lat' dir='ltr'><strong>Quee</strong></span> <span class='ocrx_word' id='word_1_74' title='bbox 414 1798 487 1842; x_wconf 91' lang='lat' dir='ltr'><strong>oum</strong></span> <span class='ocrx_word' id='word_1_75' title='bbox 510 1777 557 1843; x_wconf 83' lang='lat' dir='ltr'><strong>ite</strong></span> <span class='ocrx_word' id='word_1_76' title='bbox 581 1777 655 1856; x_wconf 88' lang='lat' dir='ltr'><strong>sint,</strong></span> <span class='ocrx_word' id='word_1_77' title='bbox 678 1801 744 1845; x_wconf 95' lang='lat' dir='ltr'><strong>non</strong></span> <span class='ocrx_word' id='word_1_78' title='bbox 764 1778 939 1865; x_wconf 79' lang='lat' dir='ltr'><strong>simplicem</strong></span> <span class='ocrx_word' id='word_1_79' title='bbox 963 1778 1219 1867; x_wconf 89' lang='lat' dir='ltr'><strong>oonjunotionem</strong></span> <span class='ocrx_word' id='word_1_80' title='bbox 1244 1779 1300 1844; x_wconf 88' lang='lat' dir='ltr'><strong>sed</strong></span> <span class='ocrx_word' id='word_1_81' title='bbox 1324 1800 1399 1865; x_wconf 84' lang='lat' dir='ltr'><strong>per·</strong></span> 
     </span>
     <span class='ocr_line' id='line_1_10' title="bbox 305 1886 1397 1977; baseline 0.005 -26"><span class='ocrx_word' id='word_1_82' title='bbox 305 1886 439 1953; x_wconf 86' lang='lat' dir='ltr'><strong>tioulem</strong></span> <span class='ocrx_word' id='word_1_83' title='bbox 453 1887 488 1953; x_wconf 93' lang='lat' dir='ltr'><strong>in</strong></span> <span class='ocrx_word' id='word_1_84' title='bbox 502 1911 595 1954; x_wconf 82' lang='lat' dir='ltr'><strong>oense</strong></span> <span class='ocrx_word' id='word_1_85' title='bbox 605 1887 763 1955; x_wconf 82' lang='lat' dir='ltr'><strong>afferendo</strong></span> <span class='ocrx_word' id='word_1_86' title='bbox 772 1889 918 1977; x_wconf 81' lang='lat' dir='ltr'><strong>usurpari</strong></span> <span class='ocrx_word' id='word_1_87' title='bbox 927 1889 1054 1956; x_wconf 84' lang='lat' dir='ltr'><strong>solitam</strong></span> <span class='ocrx_word' id='word_1_88' title='bbox 1063 1889 1263 1976; x_wconf 83' lang='lat' dir='ltr'><strong>requirimus.</strong></span> <span class='ocrx_word' id='word_1_89' title='bbox 1299 1888 1397 1976; x_wconf 84' lang='lat' dir='ltr'><strong>Lege,</strong></span> 
     </span>
     <span class='ocr_line' id='line_1_11' title="bbox 306 1995 1401 2089; baseline 0.003 -27"><span class='ocrx_word' id='word_1_90' title='bbox 306 1995 377 2063; x_wconf 79' lang='grc' dir='ltr'>ἐπεὶ</span> <span class='ocrx_word' id='word_1_91' title='bbox 390 1996 483 2065; x_wconf 72' lang='grc' dir='ltr'>τοῦτό</span> <span class='ocrx_word' id='word_1_92' title='bbox 496 2024 534 2080; x_wconf 88' lang='grc' dir='ltr'><strong>γε</strong></span> <span class='ocrx_word' id='word_1_93' title='bbox 546 2002 614 2083; x_wconf 90' lang='grc' dir='ltr'><strong>μῶυ</strong></span> <span class='ocrx_word' id='word_1_94' title='bbox 627 1999 713 2066; x_wconf 83' lang='grc' dir='ltr'>κ.τ.ἑ.</span> <span class='ocrx_word' id='word_1_95' title='bbox 757 2001 838 2067; x_wconf 88' lang='lat' dir='ltr'><strong>Mox</strong></span> <span class='ocrx_word' id='word_1_96' title='bbox 856 2000 984 2088; x_wconf 82' lang='lat' dir='ltr'><strong>legitur,</strong></span> <span class='ocrx_word' id='word_1_97' title='bbox 1000 2003 1107 2089; x_wconf 83' lang='grc' dir='ltr'>σχολῇ</span> <span class='ocrx_word' id='word_1_98' title='bbox 1126 2000 1184 2081; x_wconf 91' lang='grc' dir='ltr'><strong>τήν</strong></span> <span class='ocrx_word' id='word_1_99' title='bbox 1199 1999 1229 2083; x_wconf 86' lang='grc' dir='ltr'><strong>γ’</strong></span> <span class='ocrx_word' id='word_1_100' title='bbox 1243 1998 1401 2089; x_wconf 81' lang='grc' dir='ltr'>ὀρθότητα</span> 
     </span>
     <span class='ocr_line' id='line_1_12' title="bbox 302 2108 1397 2200; baseline 0.003 -25"><span class='ocrx_word' id='word_1_101' title='bbox 302 2113 361 2191; x_wconf 82' lang='grc' dir='ltr'><strong>τῆς</strong></span> <span class='ocrx_word' id='word_1_102' title='bbox 373 2108 558 2192; x_wconf 81' lang='grc' dir='ltr'>βουλήσεως</span> <span class='ocrx_word' id='word_1_103' title='bbox 571 2108 592 2193; x_wconf 82' lang='grc' dir='ltr'>ή</span> <span class='ocrx_word' id='word_1_104' title='bbox 606 2110 659 2177; x_wconf 83' lang='grc' dir='ltr'>καὶ</span> <span class='ocrx_word' id='word_1_105' title='bbox 673 2109 830 2200; x_wconf 78' lang='grc' dir='ltr'>ἁμαρτίαν</span> <span class='ocrx_word' id='word_1_106' title='bbox 843 2111 940 2180; x_wconf 82' lang='grc' dir='ltr'>αὐτοῦ</span> <span class='ocrx_word' id='word_1_107' title='bbox 953 2110 1169 2195; x_wconf 80' lang='grc' dir='ltr'>διαγνώσεται</span> <span class='ocrx_word' id='word_1_108' title='bbox 1207 2111 1397 2199; x_wconf 85' lang='lat' dir='ltr'><strong>Requiritur¹</strong></span> 
     </span>
     <span class='ocr_line' id='line_1_13' title="bbox 303 2220 1398 2304; baseline 0.004 -18"><span class='ocrx_word' id='word_1_109' title='bbox 303 2220 476 2304; x_wconf 79' lang='grc' dir='ltr'>μιμήσεως.</span> <span class='ocrx_word' id='word_1_110' title='bbox 519 2222 636 2296; x_wconf 79' lang='lat' dir='ltr'><strong>Soribee</strong></span> <span class='ocrx_word' id='word_1_111' title='bbox 656 2224 763 2290; x_wconf 82' lang='lat' dir='ltr'><strong>fraudi</strong></span> <span class='ocrx_word' id='word_1_112' title='bbox 783 2223 879 2289; x_wconf 75' lang='lat' dir='ltr'><strong>fnisse</strong></span> <span class='ocrx_word' id='word_1_113' title='bbox 897 2224 1025 2291; x_wconf 85' lang='lat' dir='ltr'><strong>videtur</strong></span> <span class='ocrx_word' id='word_1_114' title='bbox 1046 2224 1146 2290; x_wconf 81' lang='lat' dir='ltr'><strong>ultera</strong></span> <span class='ocrx_word' id='word_1_115' title='bbox 1170 2223 1227 2289; x_wconf 82' lang='lat' dir='ltr'><strong>ills</strong></span> <span class='ocrx_word' id='word_1_116' title='bbox 1248 2222 1350 2295; x_wconf 76' lang='lat' dir='ltr'><strong>litere</strong></span> <span class='ocrx_word' id='word_1_117' title='bbox 1370 2222 1398 2301; x_wconf 80' lang='grc' dir='ltr'>β</span> 
     </span>
     <span class='ocr_line' id='line_1_14' title="bbox 304 2334 1396 2423; baseline 0.001 -23"><span class='ocrx_word' id='word_1_118' title='bbox 304 2334 418 2414; x_wconf 83' lang='lat' dir='ltr'><strong>forme,</strong></span> <span class='ocrx_word' id='word_1_119' title='bbox 441 2358 538 2423; x_wconf 80' lang='lat' dir='ltr'><strong>quarn</strong></span> <span class='ocrx_word' id='word_1_120' title='bbox 561 2335 598 2402; x_wconf 92' lang='lat' dir='ltr'><strong>in</strong></span> <span class='ocrx_word' id='word_1_121' title='bbox 622 2337 791 2403; x_wconf 83' lang='lat' dir='ltr'><strong>Oodioibus</strong></span> <span class='ocrx_word' id='word_1_122' title='bbox 815 2343 848 2403; x_wconf 90' lang='lat' dir='ltr'><strong>et</strong></span> <span class='ocrx_word' id='word_1_123' title='bbox 871 2336 1034 2405; x_wconf 84' lang='lat' dir='ltr'><strong>nonnullis</strong></span> <span class='ocrx_word' id='word_1_124' title='bbox 1059 2336 1199 2423; x_wconf 79' lang='lat' dir='ltr'><strong>antiquis</strong></span> <span class='ocrx_word' id='word_1_125' title='bbox 1220 2335 1311 2402; x_wconf 90' lang='lat' dir='ltr'><strong>libris</strong></span> <span class='ocrx_word' id='word_1_126' title='bbox 1335 2335 1396 2400; x_wconf 92' lang='lat' dir='ltr'><strong>im·</strong></span> 
     </span>
     <span class='ocr_line' id='line_1_15' title="bbox 302 2445 1397 2534; baseline 0.005 -25"><span class='ocrx_word' id='word_1_127' title='bbox 302 2445 421 2532; x_wconf 80' lang='lat' dir='ltr'><strong>pressis</strong></span> <span class='ocrx_word' id='word_1_128' title='bbox 434 2446 585 2525; x_wconf 83' lang='lat' dir='ltr'><strong>ridemus,</strong></span> <span class='ocrx_word' id='word_1_129' title='bbox 601 2470 673 2534; x_wconf 81' lang='lat' dir='ltr'><strong>quoe</strong></span> <span class='ocrx_word' id='word_1_130' title='bbox 686 2469 759 2512; x_wconf 91' lang='lat' dir='ltr'><strong>oum</strong></span> <span class='ocrx_word' id='word_1_131' title='bbox 772 2472 797 2530; x_wconf 93' lang='grc' dir='ltr'>μ</span> <span class='ocrx_word' id='word_1_132' title='bbox 811 2446 961 2514; x_wconf 73' lang='lat' dir='ltr'><strong>facillime</strong></span> <span class='ocrx_word' id='word_1_133' title='bbox 979 2446 1193 2514; x_wconf 79' lang='lat' dir='ltr'><strong>confunditur.</strong></span> <span class='ocrx_word' id='word_1_134' title='bbox 1237 2447 1397 2515; x_wconf 82' lang='lat' dir='ltr'><strong>Praeteree</strong></span> 
     </span>
    </p>
   </div>
   <div class='ocr_carea' id='block_1_3' title="bbox 302 2555 1522 2650">
    <p class='ocr_par' dir='ltr' id='par_1_4' title="bbox 302 2555 1522 2650">
     <span class='ocr_line' id='line_1_16' title="bbox 302 2555 1522 2650; baseline 0.006 -30"><span class='ocrx_word' id='word_1_135' title='bbox 302 2555 404 2624; x_wconf 78' lang='grc' dir='ltr'>αὐτοῦ</span> <span class='ocrx_word' id='word_1_136' title='bbox 420 2556 456 2622; x_wconf 93' lang='lat' dir='ltr'><strong>in</strong></span> <span class='ocrx_word' id='word_1_137' title='bbox 476 2557 517 2650; x_wconf 79' lang='grc' dir='ltr'>αὖ</span> <span class='ocrx_word' id='word_1_138' title='bbox 533 2559 730 2623; x_wconf 81' lang='lat' dir='ltr'><strong>mutandum.</strong></span> <span class='ocrx_word' id='word_1_139' title='bbox 776 2558 906 2631; x_wconf 79' lang='lat' dir='ltr'><strong>Quoties</strong></span> <span class='ocrx_word' id='word_1_140' title='bbox 924 2559 993 2624; x_wconf 81' lang='lat' dir='ltr'><strong>haeo</strong></span> <span class='ocrx_word' id='word_1_141' title='bbox 1013 2564 1234 2645; x_wconf 75' lang='lat' dir='ltr'><strong>permutentur</strong></span> <span class='ocrx_word' id='word_1_142' title='bbox 1248 2559 1397 2626; x_wconf 88' lang='lat' dir='ltr'><strong>omnibus</strong></span> <span class='ocrx_word' id='word_1_143' title='bbox 1519 2643 1522 2650; x_wconf 91' lang='lat'>.</span> 
     </span>
    </p>
   </div>
   <div class='ocr_carea' id='block_1_4' title="bbox 253 2670 1395 4870">
    <p class='ocr_par' dir='ltr' id='par_1_5' title="bbox 253 2670 1395 4870">
     <span class='ocr_line' id='line_1_17' title="bbox 301 2670 1393 2758; baseline 0.001 -22"><span class='ocrx_word' id='word_1_144' title='bbox 301 2676 416 2736; x_wconf 89' lang='lat' dir='ltr'><strong>notum</strong></span> <span class='ocrx_word' id='word_1_145' title='bbox 426 2676 474 2737; x_wconf 90' lang='lat' dir='ltr'><strong>est</strong></span> <span class='ocrx_word' id='word_1_146' title='bbox 484 2693 493 2751; x_wconf 84' lang='lat'>3</span> <span class='ocrx_word' id='word_1_147' title='bbox 510 2671 678 2738; x_wconf 87' lang='lat' dir='ltr'><strong>novissime</strong></span> <span class='ocrx_word' id='word_1_148' title='bbox 689 2679 849 2758; x_wconf 88' lang='lat' dir='ltr'><strong>repertum</strong></span> <span class='ocrx_word' id='word_1_149' title='bbox 859 2670 1040 2758; x_wconf 89' lang='lat' dir='ltr'><strong>exemplum</strong></span> <span class='ocrx_word' id='word_1_150' title='bbox 1049 2671 1085 2736; x_wconf 93' lang='lat' dir='ltr'><strong>in</strong></span> <span class='ocrx_word' id='word_1_151' title='bbox 1096 2670 1299 2757; x_wconf 84' lang='lat' dir='ltr'><strong>Euthydemo</strong></span> <span class='ocrx_word' id='word_1_152' title='bbox 1309 2671 1393 2737; x_wconf 89' lang='lat' dir='ltr'><strong>indi·</strong></span> 
     </span>
     <span class='ocr_line' id='line_1_18' title="bbox 253 2782 1395 2873; baseline 0 -24"><span class='ocrx_word' id='word_1_153' title='bbox 253 2815 260 2824; x_wconf 89' lang='lat'><strong>·</strong></span> <span class='ocrx_word' id='word_1_154' title='bbox 302 2783 385 2851; x_wconf 78' lang='lat' dir='ltr'><strong>euri</strong></span> <span class='ocrx_word' id='word_1_155' title='bbox 421 2783 465 2849; x_wconf 92' lang='lat' dir='ltr'><strong>In</strong></span> <span class='ocrx_word' id='word_1_156' title='bbox 478 2783 519 2849; x_wconf 92' lang='lat' dir='ltr'><strong>iis</strong></span> <span class='ocrx_word' id='word_1_157' title='bbox 529 2807 600 2873; x_wconf 83' lang='lat' dir='ltr'><strong>quoe</strong></span> <span class='ocrx_word' id='word_1_158' title='bbox 609 2808 685 2851; x_wconf 85' lang='lat' dir='ltr'><strong>mox</strong></span> <span class='ocrx_word' id='word_1_159' title='bbox 695 2792 870 2872; x_wconf 88' lang='lat' dir='ltr'><strong>sequuntur</strong></span> <span class='ocrx_word' id='word_1_160' title='bbox 880 2783 909 2851; x_wconf 82' lang='grc' dir='ltr'><strong>εἰ</strong></span> <span class='ocrx_word' id='word_1_161' title='bbox 918 2808 976 2872; x_wconf 92' lang='lat' dir='ltr'><strong>pro</strong></span> <span class='ocrx_word' id='word_1_162' title='bbox 986 2782 1007 2869; x_wconf 78' lang='grc' dir='ltr'><em>ᾗ</em></span> <span class='ocrx_word' id='word_1_163' title='bbox 1017 2806 1213 2851; x_wconf 79' lang='lat' dir='ltr'><strong>correxeram</strong></span> <span class='ocrx_word' id='word_1_164' title='bbox 1224 2790 1395 2872; x_wconf 84' lang='lat' dir='ltr'><strong>antequem</strong></span> 
     </span>
     <span class='ocr_line' id='line_1_19' title="bbox 301 2894 1394 2964; baseline -0.002 -2"><span class='ocrx_word' id='word_1_165' title='bbox 301 2894 388 2962; x_wconf 88' lang='lat' dir='ltr'><strong>idem</strong></span> <span class='ocrx_word' id='word_1_166' title='bbox 412 2919 434 2962; x_wconf 85' lang='grc' dir='ltr'>α</span> <span class='ocrx_word' id='word_1_167' title='bbox 456 2896 617 2963; x_wconf 83' lang='lat' dir='ltr'><strong>Boeokhio</strong></span> <span class='ocrx_word' id='word_1_168' title='bbox 642 2897 762 2963; x_wconf 83' lang='lat' dir='ltr'><strong>foetum</strong></span> <span class='ocrx_word' id='word_1_169' title='bbox 785 2897 940 2964; x_wconf 88' lang='lat' dir='ltr'><strong>intellexi.</strong></span> <span class='ocrx_word' id='word_1_170' title='bbox 996 2896 1059 2962; x_wconf 80' lang='lat' dir='ltr'><strong>Sed</strong></span> <span class='ocrx_word' id='word_1_171' title='bbox 1084 2903 1117 2962; x_wconf 89' lang='lat' dir='ltr'><strong>et</strong></span> <span class='ocrx_word' id='word_1_172' title='bbox 1142 2895 1213 2961; x_wconf 82' lang='lat' dir='ltr'><strong>eliae</strong></span> <span class='ocrx_word' id='word_1_173' title='bbox 1240 2895 1394 2962; x_wconf 72' lang='lat' dir='ltr'><strong>faciendae</strong></span> 
     </span>
     <span class='ocr_line' id='line_1_20' title="bbox 302 3003 1395 3088; baseline 0 -16"><span class='ocrx_word' id='word_1_174' title='bbox 302 3014 397 3073; x_wconf 83' lang='lat' dir='ltr'><strong>erunt</strong></span> <span class='ocrx_word' id='word_1_175' title='bbox 415 3007 626 3075; x_wconf 80' lang='lat' dir='ltr'><strong>mutationes:</strong></span> <span class='ocrx_word' id='word_1_176' title='bbox 656 3006 699 3073; x_wconf 86' lang='grc' dir='ltr'><strong>Τί</strong></span> <span class='ocrx_word' id='word_1_177' title='bbox 716 3007 791 3084; x_wconf 74' lang='grc' dir='ltr'>οὖυς</span> <span class='ocrx_word' id='word_1_178' title='bbox 813 3008 843 3073; x_wconf 82' lang='grc' dir='ltr'><strong>εἰ</strong></span> <span class='ocrx_word' id='word_1_179' title='bbox 861 3034 909 3078; x_wconf 85' lang='grc' dir='ltr'><strong>τις</strong></span> <span class='ocrx_word' id='word_1_180' title='bbox 925 3006 979 3073; x_wconf 82' lang='grc' dir='ltr'>καί</span> <span class='ocrx_word' id='word_1_181' title='bbox 998 3007 1031 3072; x_wconf 82' lang='grc' dir='ltr'><strong>ἐν</strong></span> <span class='ocrx_word' id='word_1_182' title='bbox 1049 3003 1170 3075; x_wconf 70' lang='grc' dir='ltr'>τούτοις</span> <span class='ocrx_word' id='word_1_183' title='bbox 1188 3004 1315 3088; x_wconf 82' lang='grc' dir='ltr'>ἀγνοοίή</span> <span class='ocrx_word' id='word_1_184' title='bbox 1331 3010 1395 3072; x_wconf 88' lang='grc' dir='ltr'><strong>τῶν</strong></span> 
     </span>
     <span class='ocr_line' id='line_1_21' title="bbox 302 3113 1394 3206; baseline -0.003 -20"><span class='ocrx_word' id='word_1_185' title='bbox 302 3117 523 3202; x_wconf 74' lang='grc' dir='ltr'>μεμιμήμένων</span> <span class='ocrx_word' id='word_1_186' title='bbox 542 3118 561 3185; x_wconf 86' lang='grc' dir='ltr'>ό</span> <span class='ocrx_word' id='word_1_187' title='bbox 581 3144 613 3185; x_wconf 92' lang='grc' dir='ltr'><strong>τι</strong></span> <span class='ocrx_word' id='word_1_188' title='bbox 633 3117 705 3185; x_wconf 89' lang='grc' dir='ltr'>ποτ’</span> <span class='ocrx_word' id='word_1_189' title='bbox 720 3118 807 3184; x_wconf 77' lang='grc' dir='ltr'>ἐστὶν</span> <span class='ocrx_word' id='word_1_190' title='bbox 823 3117 966 3194; x_wconf 79' lang='grc' dir='ltr'>ἕκαστον,</span> <span class='ocrx_word' id='word_1_191' title='bbox 981 3116 1030 3206; x_wconf 83' lang='grc' dir='ltr'><strong>ἆρ’</strong></span> <span class='ocrx_word' id='word_1_192' title='bbox 1044 3116 1084 3184; x_wconf 83' lang='grc' dir='ltr'><strong>ἄν</strong></span> <span class='ocrx_word' id='word_1_193' title='bbox 1099 3142 1178 3182; x_wconf 90' lang='grc' dir='ltr'>ποτε</span> <span class='ocrx_word' id='word_1_194' title='bbox 1196 3113 1233 3182; x_wconf 91' lang='grc' dir='ltr'><strong>τό</strong></span> <span class='ocrx_word' id='word_1_195' title='bbox 1251 3115 1280 3201; x_wconf 91' lang='grc' dir='ltr'><strong>γ’</strong></span> <span class='ocrx_word' id='word_1_196' title='bbox 1295 3116 1394 3205; x_wconf 87' lang='grc' dir='ltr'>ὀρθῶς</span> 
     </span>
     <span class='ocr_line' id='line_1_22' title="bbox 301 3227 1393 3318; baseline 0 -24"><span class='ocrx_word' id='word_1_197' title='bbox 301 3229 407 3296; x_wconf 78' lang='grc' dir='ltr'>αὐτῶν</span> <span class='ocrx_word' id='word_1_198' title='bbox 419 3228 622 3318; x_wconf 70' lang='grc' dir='ltr'>εἰργασμένον</span> <span class='ocrx_word' id='word_1_199' title='bbox 634 3228 747 3313; x_wconf 73' lang='grc' dir='ltr'>γνοίής</span> <span class='ocrx_word' id='word_1_200' title='bbox 768 3229 852 3315; x_wconf 79' lang='grc' dir='ltr'>λέγω</span> <span class='ocrx_word' id='word_1_201' title='bbox 866 3228 900 3295; x_wconf 88' lang='grc' dir='ltr'><strong>δὲ</strong></span> <span class='ocrx_word' id='word_1_202' title='bbox 913 3228 951 3296; x_wconf 85' lang='grc' dir='ltr'><strong>τὸ</strong></span> <span class='ocrx_word' id='word_1_203' title='bbox 964 3227 1090 3304; x_wconf 84' lang='grc' dir='ltr'>τοιόνδε,</span> <span class='ocrx_word' id='word_1_204' title='bbox 1105 3229 1171 3296; x_wconf 87' lang='grc' dir='ltr'>οἰον</span> <span class='ocrx_word' id='word_1_205' title='bbox 1186 3228 1258 3300; x_wconf 77' lang='grc' dir='ltr'>τοὺς</span> <span class='ocrx_word' id='word_1_206' title='bbox 1276 3230 1393 3318; x_wconf 80' lang='grc' dir='ltr'>ἁρμοῦς</span> 
     </span>
     <span class='ocr_line' id='line_1_23' title="bbox 300 3328 1393 3430; baseline 0.003 -23"><span class='ocrx_word' id='word_1_207' title='bbox 300 3345 360 3409; x_wconf 82' lang='grc' dir='ltr'><strong>τοῦ</strong></span> <span class='ocrx_word' id='word_1_208' title='bbox 379 3339 527 3426; x_wconf 85' lang='grc' dir='ltr'>σώματος</span> <span class='ocrx_word' id='word_1_209' title='bbox 545 3341 600 3408; x_wconf 85' lang='grc' dir='ltr'>καὶ</span> <span class='ocrx_word' id='word_1_210' title='bbox 621 3341 763 3410; x_wconf 83' lang='grc' dir='ltr'>ἑκόστων</span> <span class='ocrx_word' id='word_1_211' title='bbox 783 3328 846 3410; x_wconf 90' lang='grc' dir='ltr'><strong>τῶν</strong></span> <span class='ocrx_word' id='word_1_212' title='bbox 863 3345 966 3430; x_wconf 83' lang='grc' dir='ltr'>μερῶν</span> <span class='ocrx_word' id='word_1_213' title='bbox 986 3339 1044 3413; x_wconf 79' lang='grc' dir='ltr'><strong>τὰς</strong></span> <span class='ocrx_word' id='word_1_214' title='bbox 1063 3339 1164 3412; x_wconf 79' lang='grc' dir='ltr'>θέσεις</span> <span class='ocrx_word' id='word_1_215' title='bbox 1185 3341 1214 3408; x_wconf 87' lang='grc' dir='ltr'><strong>εἰ</strong></span> <span class='ocrx_word' id='word_1_216' title='bbox 1234 3341 1301 3430; x_wconf 76' lang='grc' dir='ltr'>ἔχει</span> <span class='ocrx_word' id='word_1_217' title='bbox 1320 3343 1393 3411; x_wconf 85' lang='grc' dir='ltr'>ὅσοι</span> 
     </span>
     <span class='ocr_line' id='line_1_24' title="bbox 299 3451 1393 3544; baseline 0.002 -24"><span class='ocrx_word' id='word_1_218' title='bbox 299 3451 330 3520; x_wconf 89' lang='grc' dir='ltr'><strong>τ’</strong></span> <span class='ocrx_word' id='word_1_219' title='bbox 352 3452 416 3522; x_wconf 83' lang='grc' dir='ltr'>εἰσὶ</span> <span class='ocrx_word' id='word_1_220' title='bbox 436 3453 490 3522; x_wconf 78' lang='grc' dir='ltr'>καί</span> <span class='ocrx_word' id='word_1_221' title='bbox 511 3454 606 3521; x_wconf 82' lang='grc' dir='ltr'>ὁποῖα</span> <span class='ocrx_word' id='word_1_222' title='bbox 625 3453 701 3544; x_wconf 89' lang='grc' dir='ltr'>παρ’</span> <span class='ocrx_word' id='word_1_223' title='bbox 720 3454 815 3521; x_wconf 79' lang='grc' dir='ltr'>ὁποῖα</span> <span class='ocrx_word' id='word_1_224' title='bbox 835 3453 961 3538; x_wconf 82' lang='grc' dir='ltr'>κείμενα</span> <span class='ocrx_word' id='word_1_225' title='bbox 982 3452 1039 3536; x_wconf 79' lang='grc' dir='ltr'><strong>τήν</strong></span> <span class='ocrx_word' id='word_1_226' title='bbox 1057 3451 1284 3542; x_wconf 77' lang='grc' dir='ltr'>προσήκουσαν</span> <span class='ocrx_word' id='word_1_227' title='bbox 1302 3455 1393 3538; x_wconf 72' lang='grc' dir='ltr'>τάξιν</span> 
     </span>
     <span class='ocr_line' id='line_1_25' title="bbox 298 3563 1394 3663; baseline 0.005 -33"><span class='ocrx_word' id='word_1_228' title='bbox 298 3564 468 3654; x_wconf 80' lang='grc' dir='ltr'>ἀπείλήφε,</span> <span class='ocrx_word' id='word_1_229' title='bbox 482 3565 537 3633; x_wconf 87' lang='grc' dir='ltr'>καί</span> <span class='ocrx_word' id='word_1_230' title='bbox 550 3565 597 3632; x_wconf 74' lang='grc' dir='ltr'><strong>ἔτι</strong></span> <span class='ocrx_word' id='word_1_231' title='bbox 611 3565 644 3632; x_wconf 86' lang='grc' dir='ltr'><strong>δὲ</strong></span> <span class='ocrx_word' id='word_1_232' title='bbox 657 3564 813 3656; x_wconf 84' lang='grc' dir='ltr'>χρώματά</span> <span class='ocrx_word' id='word_1_233' title='bbox 826 3591 861 3631; x_wconf 79' lang='grc' dir='ltr'><strong>τε</strong></span> <span class='ocrx_word' id='word_1_234' title='bbox 878 3563 931 3632; x_wconf 87' lang='grc' dir='ltr'>καὶ</span> <span class='ocrx_word' id='word_1_235' title='bbox 950 3563 1147 3663; x_wconf 38' lang='grc' dir='ltr'>σχήματαχή</span> <span class='ocrx_word' id='word_1_236' title='bbox 1165 3564 1272 3633; x_wconf 81' lang='grc' dir='ltr'>πάντα</span> <span class='ocrx_word' id='word_1_237' title='bbox 1291 3572 1394 3635; x_wconf 85' lang='grc' dir='ltr'>ταῦτα</span> 
     </span>
     <span class='ocr_line' id='line_1_26' title="bbox 298 3676 1390 3768; baseline 0.004 -25"><span class='ocrx_word' id='word_1_238' title='bbox 298 3679 534 3767; x_wconf 80' lang='grc' dir='ltr'>τεταραγμένως</span> <span class='ocrx_word' id='word_1_239' title='bbox 548 3678 720 3768; x_wconf 80' lang='grc' dir='ltr'>εἴργασται.</span> <span class='ocrx_word' id='word_1_240' title='bbox 756 3679 834 3745; x_wconf 88' lang='lat' dir='ltr'><strong>Post</strong></span> <span class='ocrx_word' id='word_1_241' title='bbox 848 3676 991 3753; x_wconf 78' lang='grc' dir='ltr'>ἕκαστον,</span> <span class='ocrx_word' id='word_1_242' title='bbox 1003 3680 1066 3744; x_wconf 89' lang='grc' dir='ltr'><strong>τῶν</strong></span> <span class='ocrx_word' id='word_1_243' title='bbox 1076 3676 1259 3761; x_wconf 77' lang='grc' dir='ltr'>σωμάτωνθ</span> <span class='ocrx_word' id='word_1_244' title='bbox 1274 3680 1390 3767; x_wconf 85' lang='lat' dir='ltr'><strong>glosse-</strong></span> 
     </span>
     <span class='ocr_line' id='line_1_27' title="bbox 297 3789 1388 3880; baseline 0.002 -22"><span class='ocrx_word' id='word_1_245' title='bbox 297 3799 385 3859; x_wconf 88' lang='lat' dir='ltr'><strong>mete</strong></span> <span class='ocrx_word' id='word_1_246' title='bbox 400 3798 506 3859; x_wconf 87' lang='lat' dir='ltr'><strong>ortum</strong></span> <span class='ocrx_word' id='word_1_247' title='bbox 522 3792 609 3880; x_wconf 82' lang='lat' dir='ltr'><strong>ejeci,</strong></span> <span class='ocrx_word' id='word_1_248' title='bbox 627 3799 698 3858; x_wconf 88' lang='lat' dir='ltr'><strong>tum</strong></span> <span class='ocrx_word' id='word_1_249' title='bbox 714 3789 872 3879; x_wconf 78' lang='grc' dir='ltr'>ἀριθμοὺς,</span> <span class='ocrx_word' id='word_1_250' title='bbox 889 3791 976 3878; x_wconf 88' lang='lat' dir='ltr'><strong>qnod</strong></span> <span class='ocrx_word' id='word_1_251' title='bbox 995 3813 1123 3878; x_wconf 84' lang='lat' dir='ltr'><strong>prorsus</strong></span> <span class='ocrx_word' id='word_1_252' title='bbox 1141 3792 1312 3858; x_wconf 77' lang='lat' dir='ltr'><strong>absurdum</strong></span> <span class='ocrx_word' id='word_1_253' title='bbox 1331 3802 1388 3872; x_wconf 88' lang='lat' dir='ltr'><strong>est,</strong></span> 
     </span>
     <span class='ocr_line' id='line_1_28' title="bbox 297 3900 1390 3991; baseline 0.001 -21"><span class='ocrx_word' id='word_1_254' title='bbox 297 3902 432 3970; x_wconf 80' lang='lat' dir='ltr'><strong>correxi.</strong></span> <span class='ocrx_word' id='word_1_255' title='bbox 475 3904 639 3971; x_wconf 88' lang='lat' dir='ltr'><strong>Postremo</strong></span> <span class='ocrx_word' id='word_1_256' title='bbox 653 3901 707 3969; x_wconf 83' lang='grc' dir='ltr'>καὶ</span> <span class='ocrx_word' id='word_1_257' title='bbox 728 3901 775 3970; x_wconf 82' lang='grc' dir='ltr'><strong>ἔτι</strong></span> <span class='ocrx_word' id='word_1_258' title='bbox 795 3901 829 3969; x_wconf 89' lang='grc' dir='ltr'><strong>δὲ</strong></span> <span class='ocrx_word' id='word_1_259' title='bbox 847 3926 906 3991; x_wconf 92' lang='lat' dir='ltr'><strong>pro</strong></span> <span class='ocrx_word' id='word_1_260' title='bbox 925 3900 979 3968; x_wconf 82' lang='grc' dir='ltr'>καὶ</span> <span class='ocrx_word' id='word_1_261' title='bbox 998 3901 1045 3969; x_wconf 80' lang='grc' dir='ltr'><strong>ἔτι</strong></span> <span class='ocrx_word' id='word_1_262' title='bbox 1064 3900 1103 3984; x_wconf 81' lang='grc' dir='ltr'><strong>δὴ</strong></span> <span class='ocrx_word' id='word_1_263' title='bbox 1123 3925 1180 3970; x_wconf 88' lang='lat' dir='ltr'><strong>our</strong></span> <span class='ocrx_word' id='word_1_264' title='bbox 1198 3906 1390 3990; x_wconf 87' lang='lat' dir='ltr'><strong>reposuerim</strong></span> 
     </span>
     <span class='ocr_line' id='line_1_29' title="bbox 297 4003 1352 4105; baseline 0.003 -26"><span class='ocrx_word' id='word_1_265' title='bbox 297 4036 393 4080; x_wconf 91' lang='lat' dir='ltr'><strong>nemo</strong></span> <span class='ocrx_word' id='word_1_266' title='bbox 406 4015 583 4094; x_wconf 81' lang='lat' dir='ltr'><strong>mirabitur,</strong></span> <span class='ocrx_word' id='word_1_267' title='bbox 598 4015 655 4105; x_wconf 86' lang='lat' dir='ltr'><strong>qui</strong></span> <span class='ocrx_word' id='word_1_268' title='bbox 669 4015 840 4102; x_wconf 81' lang='lat' dir='ltr'><strong>particulos</strong></span> <span class='ocrx_word' id='word_1_269' title='bbox 854 4003 1075 4082; x_wconf 78' lang='lat' dir='ltr'><strong>Graeoesbene</strong></span> <span class='ocrx_word' id='word_1_270' title='bbox 1088 4013 1232 4104; x_wconf 78' lang='lat' dir='ltr'><strong>oognites</strong></span> <span class='ocrx_word' id='word_1_271' title='bbox 1246 4015 1352 4082; x_wconf 84' lang='lat' dir='ltr'><strong>hebet.</strong></span> 
     </span>
     <span class='ocr_line' id='line_1_30' title="bbox 343 4123 1389 4214; baseline 0 -24"><span class='ocrx_word' id='word_1_272' title='bbox 343 4126 415 4191; x_wconf 89' lang='grc'><strong>669.</strong></span> <span class='ocrx_word' id='word_1_273' title='bbox 454 4123 518 4213; x_wconf 82' lang='grc' dir='ltr'><strong>Ἆρ’</strong></span> <span class='ocrx_word' id='word_1_274' title='bbox 532 4125 587 4192; x_wconf 83' lang='grc' dir='ltr'><strong>οὖν</strong></span> <span class='ocrx_word' id='word_1_275' title='bbox 599 4126 636 4192; x_wconf 86' lang='grc' dir='ltr'><strong>οὐ</strong></span> <span class='ocrx_word' id='word_1_276' title='bbox 649 4124 723 4214; x_wconf 82' lang='grc' dir='ltr'>περὶ</span> <span class='ocrx_word' id='word_1_277' title='bbox 740 4124 876 4207; x_wconf 80' lang='grc' dir='ltr'>ἑκάστην</span> <span class='ocrx_word' id='word_1_278' title='bbox 895 4123 1000 4191; x_wconf 84' lang='grc' dir='ltr'>εἰκόνα</span> <span class='ocrx_word' id='word_1_279' title='bbox 1016 4123 1071 4191; x_wconf 85' lang='grc' dir='ltr'>καί</span> <span class='ocrx_word' id='word_1_280' title='bbox 1084 4125 1118 4191; x_wconf 80' lang='grc' dir='ltr'><strong>ἐν</strong></span> <span class='ocrx_word' id='word_1_281' title='bbox 1130 4128 1279 4213; x_wconf 80' lang='grc' dir='ltr'>γραφικῇ,</span> <span class='ocrx_word' id='word_1_282' title='bbox 1288 4124 1342 4192; x_wconf 84' lang='grc' dir='ltr'>καί</span> <span class='ocrx_word' id='word_1_283' title='bbox 1356 4126 1389 4190; x_wconf 83' lang='grc' dir='ltr'><strong>ἐν</strong></span> 
     </span>
     <span class='ocr_line' id='line_1_31' title="bbox 294 4234 1391 4325; baseline 0.002 -25"><span class='ocrx_word' id='word_1_284' title='bbox 294 4238 433 4322; x_wconf 79' lang='grc' dir='ltr'>ρωυσικῇ</span> <span class='ocrx_word' id='word_1_285' title='bbox 453 4235 506 4302; x_wconf 85' lang='grc' dir='ltr'>καὶ</span> <span class='ocrx_word' id='word_1_286' title='bbox 525 4237 629 4319; x_wconf 76' lang='grc' dir='ltr'>πόιπή</span> <span class='ocrx_word' id='word_1_287' title='bbox 651 4235 706 4304; x_wconf 82' lang='grc' dir='ltr'><strong>τὸν</strong></span> <span class='ocrx_word' id='word_1_288' title='bbox 723 4236 884 4322; x_wconf 79' lang='grc' dir='ltr'>μέλλοντα</span> <span class='ocrx_word' id='word_1_289' title='bbox 901 4235 1044 4325; x_wconf 78' lang='grc' dir='ltr'>ἔμφρονα</span> <span class='ocrx_word' id='word_1_290' title='bbox 1064 4234 1173 4324; x_wconf 85' lang='grc' dir='ltr'>κριτὴν</span> <span class='ocrx_word' id='word_1_291' title='bbox 1192 4235 1323 4302; x_wconf 84' lang='grc' dir='ltr'>ἔσεσθαι</span> <span class='ocrx_word' id='word_1_292' title='bbox 1343 4235 1391 4302; x_wconf 85' lang='grc' dir='ltr'><strong>δεῖ</strong></span> 
     </span>
     <span class='ocr_line' id='line_1_32' title="bbox 294 4345 1387 4437; baseline 0.003 -26"><span class='ocrx_word' id='word_1_293' title='bbox 294 4348 399 4412; x_wconf 85' lang='grc' dir='ltr'>ταῦτα</span> <span class='ocrx_word' id='word_1_294' title='bbox 408 4345 481 4435; x_wconf 86' lang='grc' dir='ltr'>τρία</span> <span class='ocrx_word' id='word_1_295' title='bbox 491 4345 593 4436; x_wconf 72' lang='grc' dir='ltr'>ἔχωνς</span> <span class='ocrx_word' id='word_1_296' title='bbox 610 4346 629 4414; x_wconf 86' lang='grc' dir='ltr'>ό</span> <span class='ocrx_word' id='word_1_297' title='bbox 642 4347 670 4414; x_wconf 88' lang='grc' dir='ltr'><strong>τ’</strong></span> <span class='ocrx_word' id='word_1_298' title='bbox 681 4348 752 4415; x_wconf 78' lang='grc' dir='ltr'>ἐστὶ</span> <span class='ocrx_word' id='word_1_299' title='bbox 765 4351 891 4437; x_wconf 88' lang='grc' dir='ltr'>πρῶτον</span> <span class='ocrx_word' id='word_1_300' title='bbox 900 4347 1094 4432; x_wconf 81' lang='grc' dir='ltr'>γιγνώσκειν,</span> <span class='ocrx_word' id='word_1_301' title='bbox 1103 4347 1212 4414; x_wconf 83' lang='grc' dir='ltr'>ἔπειτα</span> <span class='ocrx_word' id='word_1_302' title='bbox 1226 4348 1268 4418; x_wconf 84' lang='grc' dir='ltr'><strong>ὡς</strong></span> <span class='ocrx_word' id='word_1_303' title='bbox 1281 4347 1387 4436; x_wconf 86' lang='grc' dir='ltr'>ὀρθῶς,</span> 
     </span>
     <span class='ocr_line' id='line_1_33' title="bbox 293 4455 1388 4549; baseline 0.003 -26"><span class='ocrx_word' id='word_1_304' title='bbox 293 4455 394 4523; x_wconf 64' lang='lat' dir='ltr'><strong>eret</strong></span> <span class='ocrx_word' id='word_1_305' title='bbox 409 4458 450 4529; x_wconf 85' lang='grc' dir='ltr'><strong>ῶς</strong></span> <span class='ocrx_word' id='word_1_306' title='bbox 464 4458 499 4525; x_wconf 84' lang='grc' dir='ltr'><strong>εὖ</strong></span> <span class='ocrx_word' id='word_1_307' title='bbox 511 4457 548 4526; x_wconf 82' lang='grc' dir='ltr'><strong>τὸ</strong></span> <span class='ocrx_word' id='word_1_308' title='bbox 562 4458 668 4548; x_wconf 83' lang='grc' dir='ltr'>τρίτου</span> <span class='ocrx_word' id='word_1_309' title='bbox 681 4460 846 4549; x_wconf 82' lang='grc' dir='ltr'>εἴργασται</span> <span class='ocrx_word' id='word_1_310' title='bbox 859 4462 922 4526; x_wconf 91' lang='grc' dir='ltr'><strong>τῶν</strong></span> <span class='ocrx_word' id='word_1_311' title='bbox 936 4458 1061 4525; x_wconf 86' lang='grc' dir='ltr'>εἰκόνων</span> <span class='ocrx_word' id='word_1_312' title='bbox 1074 4459 1204 4541; x_wconf 84' lang='grc' dir='ltr'>ήτισοῦν</span> <span class='ocrx_word' id='word_1_313' title='bbox 1217 4457 1341 4547; x_wconf 77' lang='grc' dir='ltr'>ῥήμασί</span> <span class='ocrx_word' id='word_1_314' title='bbox 1352 4486 1388 4526; x_wconf 88' lang='grc' dir='ltr'><strong>τε</strong></span> 
     </span>
     <span class='ocr_line' id='line_1_34' title="bbox 291 4566 1386 4659; baseline 0.005 -26"><span class='ocrx_word' id='word_1_315' title='bbox 291 4566 350 4633; x_wconf 81' lang='grc' dir='ltr'>καί</span> <span class='ocrx_word' id='word_1_316' title='bbox 371 4566 485 4652; x_wconf 82' lang='grc' dir='ltr'>μέλεσι</span> <span class='ocrx_word' id='word_1_317' title='bbox 508 4569 563 4637; x_wconf 82' lang='grc' dir='ltr'>καὶ</span> <span class='ocrx_word' id='word_1_318' title='bbox 585 4574 649 4642; x_wconf 80' lang='grc' dir='ltr'>τοῖς</span> <span class='ocrx_word' id='word_1_319' title='bbox 670 4571 807 4659; x_wconf 83' lang='grc' dir='ltr'>ῥυθμοῖς.</span> <span class='ocrx_word' id='word_1_320' title='bbox 859 4570 943 4638; x_wconf 81' lang='lat' dir='ltr'><strong>Satis</strong></span> <span class='ocrx_word' id='word_1_321' title='bbox 967 4571 1096 4658; x_wconf 85' lang='lat' dir='ltr'><strong>plenem</strong></span> <span class='ocrx_word' id='word_1_322' title='bbox 1117 4573 1386 4641; x_wconf 80' lang='lat' dir='ltr'><strong>enumerationem</strong></span> 
     </span>
     <span class='ocr_line' id='line_1_35' title="bbox 292 4679 1389 4772; baseline 0.001 -25"><span class='ocrx_word' id='word_1_323' title='bbox 292 4679 461 4749; x_wconf 74' lang='lat' dir='ltr'><strong>continent</strong></span> <span class='ocrx_word' id='word_1_324' title='bbox 474 4681 613 4771; x_wconf 79' lang='grc' dir='ltr'>γραφική</span> <span class='ocrx_word' id='word_1_325' title='bbox 627 4681 681 4750; x_wconf 87' lang='grc' dir='ltr'>καί</span> <span class='ocrx_word' id='word_1_326' title='bbox 693 4680 830 4767; x_wconf 88' lang='grc' dir='ltr'>μουσική</span> <span class='ocrx_word' id='word_1_327' title='bbox 840 4693 856 4760; x_wconf 73' lang='grc'><strong>,·’</strong></span> <span class='ocrx_word' id='word_1_328' title='bbox 873 4705 932 4750; x_wconf 84' lang='lat' dir='ltr'><strong>neo</strong></span> <span class='ocrx_word' id='word_1_329' title='bbox 946 4683 974 4749; x_wconf 89' lang='lat' dir='ltr'><strong>si</strong></span> <span class='ocrx_word' id='word_1_330' title='bbox 987 4682 1050 4750; x_wconf 76' lang='lat' dir='ltr'><strong>alie</strong></span> <span class='ocrx_word' id='word_1_331' title='bbox 1064 4705 1181 4770; x_wconf 80' lang='lat' dir='ltr'><strong>genera</strong></span> <span class='ocrx_word' id='word_1_332' title='bbox 1191 4690 1389 4772; x_wconf 85' lang='lat' dir='ltr'><strong>superessent</strong></span> 
     </span>
     <span class='ocr_line' id='line_1_36' title="bbox 1250 4823 1265 4870; baseline 0 0"><span class='ocrx_word' id='word_1_333' title='bbox 1250 4823 1265 4870; x_wconf 78' lang='lat'>2</span> 
     </span>
    </p>
   </div>
   <div class='ocr_carea' id='block_1_5' title="bbox 0 0 1930 5700">
    <p class='ocr_par' dir='ltr' id='par_1_6' title="bbox 0 0 1930 5700">
     <span class='ocr_line' id='line_1_37' title="bbox 0 0 1930 5700; baseline 0 6"><span class='ocrx_word' id='word_1_334' title='bbox 0 0 1930 5700; x_wconf 95' lang='lat' dir='ltr'><strong> </strong></span> 
     </span>
    </p>
   </div>
  </div>
 </body>
</html>
