3850 5700
635 805 680 851 nn
700 805 858 853 rnrrorrs
879 806 1023 854 ruamus
1043 805 1208 858 murone.
1450 787 1487 854 iii

384 980 552 1063 scribebat,
582 1007 687 1075 quum
715 992 772 1056 aut
801 984 956 1073 siglamm
983 984 1051 1054 rim
1083 984 1256 1073 ignoraret,
1286 992 1342 1052 aut
1370 986 1484 1052 duotm

386 1114 452 1160 non
468 1094 669 1176 discerneret,
684 1096 854 1184 saepissime
871 1096 983 1163 finales
1001 1096 1139 1185 syllabas
1157 1097 1340 1185 excogitare
1359 1104 1485 1165 coaeum

384 1205 438 1272 sit.
481 1206 554 1274 Ηοο
567 1215 676 1274 antem
689 1216 800 1295 utpote
813 1209 945 1297 ignarus
958 1208 1054 1276 homo
1068 1215 1101 1278 et
1115 1209 1172 1297 qui
1185 1210 1227 1276 ad
1243 1209 1347 1297 operis
1361 1208 1485 1276 exitum

383 1316 558 1399 festinaret,
577 1318 625 1385 ita
645 1320 881 1388 administravit
900 1328 938 1387 ut
960 1343 1052 1388 casus
1073 1328 1107 1388 st
1127 1329 1241 1390 catera
1263 1321 1419 1410 ejusmodi
1442 1322 1483 1403 ad

385 1428 568 1515 proximum
577 1432 725 1519 quodque
734 1432 925 1500 vocabulum
938 1433 1198 1500 accommodaret.
1235 1432 1324 1504 Num
1339 1440 1376 1499 tu
1389 1439 1484 1519 putas

385 1539 524 1607 aliunde
537 1541 688 1608 accidisse
713 1544 799 1630 quod
817 1565 886 1610 aa·
900 1542 938 1609 iu
956 1543 1035 1622 loco,
1057 1544 1115 1631 qui
1134 1543 1221 1610 infra
1241 1543 1402 1624 citabitur,
1425 1568 1484 1631 pro

383 1649 603 1719 reralectione
614 1652 780 1741 ἐφ’ἵππων
790 1653 1165 1743 dxodpevaquamnemo
1175 1662 1250 1723 ante
1258 1656 1482 1724 Hermannum

382 1765 531 1834 reducere
545 1788 639 1833 ausus
658 1772 715 1846 est,
731 1766 780 1856 ἐφ’
796 1766 905 1834 ἵππων
918 1766 1098 1856 ὀχουμένων
1110 1768 1147 1834 in
1160 1768 1308 1835 omuibus
1321 1768 1482 1836 codicibus
1528 1855 1531 1862 μ

382 1876 530 1963 legitur?
571 1879 673 1946 Estne
691 1880 752 1948 hoe
771 1880 927 1967 ejusmodi
946 1887 1113 1967 peceatum
1132 1881 1217 1967 quod
1237 1879 1336 1946 semel
1354 1886 1482 1946 tantum

382 1989 555 2056 admittam
586 1990 740 2072 homines,
771 2013 814 2057 an
842 1990 949 2078 potius
977 2014 1018 2057 ex
1046 1998 1146 2058 tantae
1174 1990 1323 2057 socordias
1353 1990 1481 2058 indiciis

381 2101 533 2187 augurari
546 2101 622 2168 lieet
635 2102 738 2170 multa
757 2101 932 2169 etiamnum
951 2125 1114 2189 superesse
1132 2100 1280 2167 similiter
1297 2101 1479 2188 depravata,

381 2235 453 2300 quse
475 2220 547 2279 tum
569 2214 698 2279 demum
718 2214 760 2280 ad
780 2214 951 2281 sanitatem
972 2214 1181 2280 restituentur
1205 2234 1306 2298 quum
1330 2213 1371 2279 de
1395 2214 1480 2282 mala

381 2324 583 2392 librariorum
596 2326 660 2392 fide
670 2348 747 2414 vera
760 2326 918 2414 sententia
931 2325 1144 2411 praevalebit?
1186 2324 1302 2411 Itaque
1317 2346 1378 2411 ego
1391 2325 1479 2391 hunc

381 2434 523 2504 laborem
535 2459 593 2523 pro
604 2435 692 2503 virili
704 2443 797 2522 parte
810 2458 897 2502 nunc
910 2435 1100 2523 aggredier3
1121 2435 1176 2500 sed
1186 2457 1227 2499 ne
1238 2441 1329 2500 extra
1339 2435 1481 2525 epistolae

379 2546 461 2614 fines
471 2554 623 2635 evagetur
633 2547 817 2634 disputatio,
828 2555 896 2635 tres¹
903 2548 1025 2635 priores
1033 2554 1161 2613 tantum
1174 2546 1272 2612 libros
1282 2569 1477 2633 percurram,

380 2682 494 2726 verum
515 2659 563 2725 ita
582 2667 620 2725 ut
641 2659 677 2725 in
697 2659 793 2726 tertio
813 2660 921 2726 oblata
937 2659 1099 2727 occasione
1118 2657 1273 2726 similium
1292 2660 1480 2726 mendorum

380 2772 527 2859 exempla
540 2794 560 2837 a
573 2779 709 2859 quatuor
722 2772 776 2839 vel
788 2772 931 2860 quinque
950 2771 1155 2860 sequentibus
1173 2769 1265 2836 libris
1282 2793 1477 2858 expromam.

381 2882 454 2957 Quo
467 2883 551 2950 facto
568 2882 709 2970 periculo
726 2907 818 2970 spero
837 2884 905 2950 fore
924 2891 971 2963 ut,
987 2891 1020 2950 te
1038 2885 1196 2962 hortante,
1211 2881 1268 2947 alii
1286 2883 1323 2948 in
1343 2885 1479 2950 eundem

380 3018 528 3082 campum
542 2994 743 3073 descendant,
753 2995 838 3060 unde
852 3002 885 3060 et
895 2994 957 3060 sibi
970 2994 1097 3059 laudem
1108 3001 1141 3058 et
1150 2992 1297 3060 Platonis
1306 2993 1478 3061 lectoribus

380 3107 637 3174 commoditatem
649 3107 777 3194 pariant
791 3129 916 3172 necesse
930 3113 988 3172 est.
1098 3173 1102 3180 ,

415 3219 560 3285 'Initium
570 3219 686 3285 faciam
698 3219 734 3284 in
744 3243 775 3306 p.
789 3219 863 3297 627,
875 3217 932 3284 ubi
945 3217 1084 3305 legitur:
1105 3215 1159 3283 καὶ
1170 3216 1228 3283 οὖν
1237 3214 1282 3281 ’ἂν
1291 3216 1340 3298 εἴη
1353 3215 1479 3304 πρέπον

377 3329 450 3414 ὅμοι’
462 3357 498 3396 τε
510 3330 564 3397 καὶ
578 3331 651 3414 ὑμῖν
666 3333 759 3396 τοῦτο
776 3328 923 3418 θηρεύειν,
939 3329 990 3396 ὅτι
1006 3327 1163 3395 νικώντων
1177 3328 1236 3412 μὲν
1253 3332 1317 3394 τῶν
1332 3332 1479 3418 πονηρῶν

378 3442 449 3525 ἥτε
464 3441 547 3508 οἰκία
560 3442 614 3508 καὶ
629 3443 650 3525 ἡ
668 3441 829 3526 ξυγγένειο
848 3440 929 3522 αὕτη
948 3444 1043 3506 πᾶσιν
1060 3441 1165 3522 ἥττων
1183 3441 1281 3523 αὑτῆς
1299 3438 1417 3524 λέγοιτ’
1428 3439 1477 3516 ἄν,

373 3554 457 3621 aad.
501 3555 589 3642 Lege
608 3553 626 3619 ὅ
644 3579 685 3619 τι.
701 3555 876 3642 acquirere,
892 3574 959 3640 que
978 3553 1021 3620 ait
1040 3574 1079 3620 ea
1097 3574 1147 3620 rer
1165 3553 1200 3620 in
1217 3553 1325 3636 quasi
1346 3553 1478 3640 improbi

377 3667 641 3755 vieteressuariat
655 3676 734 3734 cett.

417 3781 456 3846 P.
473 3780 547 3846 628.
591 3777 712 3866 πότερο
725 3776 753 3843 δ’
769 3775 977 3860 ἀπολομένων
990 3775 1032 3842 οὗ
1050 3777 1113 3841 τῶν
1132 3774 1245 3864 ἑτέρων
1262 3774 1403 3864 [εἰρήνην
1421 3781 1477 3859 τῆς

376 3891 521 3961 στάσεως
530 3889 690 3977 ιγενέσθαι]
700 3890 897 3971 ννοησάντων
907 3887 941 3955 δὲ
948 3887 1099 3976 ποτέρων,
1109 3885 1222 3971 δέξαιτ’
1231 3886 1272 3955 ἄν
1282 3915 1330 3958 τις
1339 3892 1476 3971 μᾶλλον,

333 4023 337 4031 ·
377 4000 531 4090 baebius
552 4025 587 4066 rs
607 3999 662 4067 καὶ
680 3998 802 4088 εἰρήνης
823 3997 886 4065 ὑπὸ
908 3997 1093 4082 lammae
1112 4000 1287 4082 «γενομένης,
1310 3999 1391 4067 οὕτω
1412 4003 1478 4070 τοῖς
1610 4028 1621 4058 ·,

375 4113 490 4198 ἔξωθεν
513 4112 678 4196 πολεμίοις
706 4111 880 4202 προσέχειν
907 4111 1047 4195 ἀνάνγνην
1072 4109 1151 4177 εἶναι
1178 4110 1234 4178 τὸν
1258 4115 1338 4178 νοῦν.
1393 4111 1474 4184 Quae

375 4224 502 4291 uncinis
515 4224 631 4290 inclusi
644 4225 777 4291 minime
796 4249 833 4290 eo
846 4224 980 4290 consilio
999 4223 1118 4311 scripta
1130 4232 1207 4291 sunt
1220 4230 1258 4291 ut
1271 4224 1306 4289 in
1321 4222 1473 4289 orationis

374 4335 488 4402 seriem
501 4334 726 4422 reciperentur,
742 4335 786 4402 sio
800 4334 888 4400 enim
901 4341 973 4420 post
987 4333 1129 4422 ποτέρων
1141 4334 1244 4421 posita
1257 4333 1401 4413 fuissent,
1417 4335 1473 4401 scd

373 4469 432 4533 pro
446 4445 564 4513 scholio
579 4446 724 4513 habenda
738 4452 813 4511 sunt
831 4467 946 4531 parum
959 4443 1090 4531 quidem
1103 4444 1186 4524 utili,
1201 4445 1287 4531 quod
1303 4444 1471 4532 imperitus

372 4557 522 4624 librarius
536 4581 554 4623 e
568 4556 714 4644 margine
727 4555 855 4641 recepit.
1500 4577 1506 4597 ν

418 4669 490 4735 629.
520 4668 596 4757 φέρε
610 4667 660 4750 δή·
681 4665 831 4755 ποτέρους
845 4665 899 4732 καὶ
912 4665 993 4754 πρὸς
1006 4665 1141 4755 πότερον
1155 4665 1292 4733 ἐποινῶν
1305 4665 1360 4733 τὸν
1373 4665 1471 4733 πόλε-
