3850 5700
875 762 1106 818 κιυυοειου.
1526 764 1568 840 19

413 912 503 1004 ἔρως,
530 904 545 978 ό
563 908 601 979 δὲ
615 908 686 1002 περὶ
704 902 838 999 τάγαθά
856 903 941 997 μετὰ
958 902 1169 1001 σωφροσύνης
1184 906 1245 976 καὶ
1258 901 1469 996 δικαιοσύνης
1485 902 1568 977 άπο-

413 1033 603 1128 τελούμενος
622 1036 682 1106 καὶ
702 1031 776 1129 παρ’
798 1030 876 1127 ἡμῖν
896 1034 956 1104 καί
976 1030 1068 1128 παρά
1087 1037 1185 1120 θεοῖς,
1212 1024 1307 1118 ούτος
1322 1032 1383 1127 τὴν
1411 1036 1566 1127 μεγίστην

412 1161 551 1255 δύναμιν
567 1164 704 1256 ἔχεικαὶ
720 1168 834 1243 πάσαν
848 1158 927 1254 ημῖν
943 1158 1151 1254 εὐδαιμονίαν
1169 1163 1415 1256 παρασκευάζει
1432 1163 1492 1233 καὶ
1507 1158 1567 1234 άλ-

413 1289 525 1385 λήλοις
543 1297 740 1383 δυναμένους
761 1286 880 1381 ὁμιλεῖν
901 1292 961 1360 καὶ
983 1294 1099 1384 φιλους
1123 1286 1204 1361 εἶναι
1225 1291 1286 1361 καί
1304 1298 1373 1375 τοῖς
1391 1292 1568 1386 κρείττοσιν

413 1416 506 1512 ἡμῶν
532 1423 620 1503 Θεοῖς.
666 1415 764 1503 Ἴσως
788 1420 845 1510 μέν
867 1410 922 1489 ούν
940 1413 1036 1510 κάγῶ
1061 1414 1115 1489 τόν
1132 1414 1271 1513 Ἔρωτα
1295 1420 1434 1488 ἐπαινῶν
1462 1415 1592 1490 πολλάν

415 1549 626 1643 παραλείπω,
653 1542 689 1619 ού
712 1551 821 1638 μέντοι
841 1543 921 1617 ἑκών
940 1572 987 1638 γε.
1041 1541 1113 1617 ἀλλ’
1139 1547 1167 1615 εἰ
1191 1572 1223 1616 τι
1247 1545 1409 1633 έξελιπον,
1437 1543 1493 1617 σόν
1520 1550 1569 1644 ἔρ-

416 1700 491 1768 γον,
518 1667 817 1770 ὦἈριστόφανες,
844 1670 1103 1769 άναπληριύσαι·
1138 1671 1161 1766 η’
1187 1676 1215 1743 εί
1239 1699 1308 1757 πως
1333 1671 1442 1758 άλλως
1468 1678 1499 1745 έν
1526 1682 1569 1772 νῷ

417 1807 498 1897 ἔχεις
517 1798 728 1896 ἐγκωμιάζειν
746 1798 801 1873 τόν
821 1798 904 1887 θεόν,
932 1803 1133 1893 έγκωμιίαζε,
1161 1797 1273 1894 ἐπειδὴ
1292 1802 1351 1872 καὶ
1372 1804 1435 1894 τῆς
1450 1799 1570 1896 λυγγὸς

356 1946 406 1994 18⁹
418 1938 597 2003 πέπαυσαι.
647 1926 885 2022 Ἐκδεξάμενον
904 1921 958 2000 οὖν
977 1932 1041 2021 έφη
1064 1932 1161 2000 εἰπεῖν
1178 1926 1232 2001 τόν
1249 1924 1492 2024 Ἀριστοφάνη,
1519 1930 1595 2003 ότιν

419 2061 487 2132 Καὶ
503 2054 579 2152 μάλ’
598 2054 780 2145 ἐπαύσατο,
803 2053 841 2129 ού
858 2062 966 2151 μέντοι
984 2060 1055 2153 πρίν
1073 2082 1111 2150 γε
1128 2054 1182 2129 τόν
1197 2056 1347 2153 πταρμόν
1364 2064 1571 2153 προσενεχθή-
1636 2129 1641 2144 ,

417 2214 474 2260 ναι
488 2182 597 2280 αύτη,
624 2184 708 2258 ὅστε
723 2213 763 2277 με
781 2182 976 2279 θαυμάζειν,
1002 2187 1030 2256 εί
1048 2182 1086 2257 τό
1104 2182 1239 2277 κόσμιον
1255 2191 1315 2256 τού
1332 2182 1487 2278 σώματος
1504 2191 1572 2262 έπι-

418 2320 512 2407 θυμεῖ
534 2311 685 2386 τοιούτων
711 2310 824 2409 ψόφων
849 2315 908 2385 καὶ
933 2317 1187 2408 γαργαλισμῶν,
1214 2310 1278 2384 οῖον
1303 2310 1397 2384 καίό
1422 2312 1572 2411 πταρμός

418 2447 506 2515 ἐστι·
541 2438 628 2513 πάνυ
654 2438 718 2537 γάρ
744 2436 839 2525 εύθύς
865 2438 1056 2528 ἐπαύσατο,
1084 2438 1194 2532 ἐπειδὴ
1218 2434 1311 2538 αύτῷ
1338 2438 1394 2513 τόν
1421 2441 1570 2538 πταρμόν
1602 2443 1606 2454 ’

419 2566 638 2666 προσήνεγκα.
692 2569 760 2640 Καὶ
786 2567 841 2640 τόν
864 2564 1102 2664 Ἐρυξίμαχον,
1132 2559 1181 2638 Ὦ
1205 2565 1311 2663 ’γαθέ,
1339 2566 1461 2664 φάναι,
1485 2569 1572 2666 Ἀρι-

419 2696 595 2793 στόφανες,
622 2694 683 2793 όρα
704 2698 737 2768 τί
757 2705 873 2782 ποιεῖς·
900 2702 1123 2789 γελωτοποιεῖς
1140 2701 1262 2789 μέλλων
1282 2700 1402 2790 λέγειν,
1429 2700 1489 2770 καὶ
1511 2695 1573 2795 φύ·

419 2823 513 2900 λακά
529 2853 568 2920 με
586 2832 643 2899 τού
662 2822 759 2918 λόγου
779 2820 983 2919 άναγκάζεις
1002 2826 1168 2918 γίγνεσθαι
1189 2830 1248 2896 τού
1269 2832 1429 2915 σεαυτού,
1457 2823 1514 2899 έάν
1541 2855 1574 2900 τι

419 2960 543 3048 γελοῖον
561 2957 673 3047 είπης,
701 2950 770 3040 ἐξόν
789 2980 839 3024 σοι
858 2957 889 3024 έν
908 2949 1018 3048 εἰρήνη
1037 2956 1148 3044 λέγειν.
1191 2954 1259 3022 Καὶ
1276 2951 1330 3024 τόν
1347 2949 1598 3050 Ἀριστοφάνηῑ)

419 3079 614 3177 γελάσαντα
632 3085 741 3169 εἰπεῖν,
770 3073 818 3152 Εύ
837 3084 957 3174 λέγεις,
984 3073 1235 3175 ὦἘρυξίμαχε,
1263 3082 1323 3151 καί
1342 3107 1395 3171 μοι
1411 3085 1494 3153 ἔστω
1516 3081 1574 3178 άρ-

421 3237 510 3307 ρητα
533 3208 579 3281 τά
605 3212 766 3304 εἰρημένα.
820 3206 910 3280 άλλά
929 3205 975 3301 μή
1000 3235 1038 3298 γε
1060 3205 1224 3304 φύλαττε,
1253 3205 1296 3294 ὡς
1320 3206 1383 3302 έγω
1409 3215 1575 3305 φοβοῦμαι

422 3340 574 3434 περὶτῶν
596 3334 774 3429 μελλόντων
799 3335 1010 3432 ῥηθήσεσθαι,
1038 3333 1076 3408 ού
1098 3363 1130 3407 τι
1153 3334 1199 3429 μη
1221 3340 1333 3430 γελοῖα
1353 3340 1449 3422 εῖπω,
1477 3346 1574 3412 τούτο

422 3468 480 3558 μέν
503 3463 568 3560 γάρ
593 3461 635 3537 άν
664 3470 775 3560 κέρδος
800 3466 851 3555 εἰη
876 3466 936 3535 καί
960 3470 1024 3558 τῆς
1050 3460 1212 3560 ἡμετέρας
1236 3461 1371 3557 Μούσης
1399 3465 1574 3564 ἐπιχώριον,

422 3590 514 3667 άλλά
538 3591 584 3685 μή
609 3570 869 3684 καταγέλαστα·
905 3590 1023 3664 Βαλάν
1050 3619 1104 3685 γε,
1132 3588 1254 3687 φάναι,
1282 3584 1574 3690 ὧἈριστόφανες,

423 3724 482 3795 οἰει
500 3717 728 3817 έκφεύξεοθαις
756 3717 846 3791 άλλά
869 3717 1005 3815 πρόσεχε
1026 3717 1081 3790 τόν
1104 3725 1196 3806 νούν,
1223 3721 1282 3791 καὶ
1308 3718 1411 3806 ούτως
1434 3728 1506 3816 λέγε
1532 3718 1597 3808 ύςε

421 3847 534 3923 δώσων
560 3845 664 3939 λόγον.
716 3850 795 3932 ἰσως
822 3853 945 3939 μέντοι,
974 3844 1015 3918 άν
1042 3845 1124 3939 δόξη
1152 3874 1224 3941 μοι,
1250 3844 1372 3944 άφήσω
1401 3875 1445 3920 σε.

503 3976 596 4052 XIV.
651 3978 719 4048 Καὶ
745 3974 826 4069 μήν,
854 3967 1118 4070 όΕύριξίμαχε,
1146 3979 1243 4047 εἰπεῖν
1264 3973 1319 4047 τόν
1338 3972 1576 4073 Ἀριστοφάνη,

423 4104 515 4199 άλλη
529 4111 568 4199 γέ
583 4131 632 4198 πη
649 4108 680 4174 έν
698 4108 740 4202 νῷ
758 4108 820 4197 ἔχω
837 4108 939 4197 λέγειν
954 4094 1016 4197 εἰῇ
1036 4101 1077 4175 σύ
1097 4131 1131 4174 τε
1147 4105 1207 4175 καὶ
1222 4107 1418 4188 Παυσανίας
1435 4108 1574 4196 εἰπέτην.

423 4235 496 4326 ἐμοὶ
511 4229 575 4327 γάρ
593 4238 743 4305 δοκοῦσιν
762 4229 922 4327 άνθρωποι
939 4228 1137 4303 παντάπασι
1152 4229 1212 4325 τὴν
1229 4237 1288 4304 τού
1308 4235 1425 4326 ἔρωτος
1439 4227 1576 4326 δύναμιν

423 4357 488 4435 ούκ
514 4356 696 4455 ᾐσθῆσθαι,
732 4361 802 4431 έπεί
829 4355 1054 4451 αἰσθανόμενοί
1080 4386 1118 4452 γε
1145 4355 1267 4450 μέγιστ’
1299 4356 1341 4431 άν
1372 4355 1478 4431 αύτού
1507 4358 1577 4456 ἰερά

422 4485 684 4562 κατασκευάσαι
709 4489 769 4559 καὶ
797 4484 943 4580 βωμούς,
977 4489 1038 4558 καὶ
1064 4491 1189 4571 θυσίας’
1209 4484 1251 4557 σίν
1279 4496 1378 4559 ποιεῖν
1408 4492 1577 4582 μεγίστας,

422 4615 485 4711 ούχ
504 4614 610 4712 ὥσπερ
627 4622 683 4688 νύν
703 4612 826 4688 τούτων
846 4595 936 4688 ούδὲν
954 4618 1103 4708 γίγνεται
1122 4617 1193 4710 περὶ
1212 4611 1331 4702 αύτόν,
1357 4620 1427 4686 δέον
1445 4613 1576 4689 πάντων

420 4742 577 4841 ’μάλιστα
593 4747 766 4839 γίγνεσθαι.
822 4747 892 4815 ἔστι
911 4741 977 4838 γάρ
1000 4747 1075 4814 θεων
1096 4741 1422 4838 φιλανθρωπότατος,
1448 4747 1601 4817 έιείκου-(1

420 4871 482 4974 ρός
498 4870 525 4945 τ’
548 4870 591 4945 εἰν
612 4880 675 4944 τῶν
699 4868 872 4969 άνθριίπων
893 4873 953 4943 καὶ
978 4868 1090 4969 ἰατρός
1111 4867 1256 4960 τούτων,
1282 4862 1324 4943 ὧν
1347 4873 1501 4943 ἰαθέντων
1526 4897 1587 4962 φεμ

1342 4997 1394 5061 ⁴2¹}
