3850 5700
596 821 643 871 nn
661 825 818 873 rumoris
839 826 979 873 iromus
1000 826 1166 875 sermons.
1366 805 1427 871 xiii

332 1000 408 1090 περὶ
427 994 568 1069 Μοῦσαν
586 1001 734 1092 διατριβὴ
755 997 795 1071 .’.
817 1002 978 1089 ,ἀμείνων
994 996 1105 1093 popter.
1148 1000 1292 1071 Mirsbor
1309 996 1428 1091 siquis

334 1137 484 1202 reponere
497 1110 657 1202 dubitabit
670 1116 818 1184 ἀτάκτου.
844 1109 846 1113 ⁴
949 1109 951 1112 ’
1080 1107 1083 1111 ’
1140 1131 1142 1135 ’
1171 1203 1175 1212 ἣ

368 1221 473 1295 ¹Nunc
487 1228 529 1294 sd
542 1219 732 1316 paginarum
750 1221 894 1297 ordinem
912 1253 1008 1317 quem
1025 1235 1150 1296 secutus
1169 1250 1257 1295 eram
1275 1229 1378 1308 redeo,
1393 1236 1427 1294 et
1518 1252 1520 1256 ’

334 1339 371 1408 in
388 1363 420 1426 p.
436 1341 509 1419 677,
525 1340 738 1429 conjecturam
756 1332 1166 1432 proponsmcer‘tissimsm,
1182 1363 1279 1428 quarn
1296 1340 1427 1427 quidem

332 1472 354 1514 u
378 1449 506 1516 Baitero
530 1450 627 1518 didici
652 1454 692 1518 ab
716 1452 779 1519 alio
804 1460 998 1539 occupatum,
1024 1453 1109 1539 quod
1135 1451 1264 1537 quidem
1291 1450 1426 1516 minime
1542 1533 1545 1541 ⁴

331 1553 440 1640 miror,
455 1554 562 1628 omnes
576 1562 662 1628 enim
674 1563 771 1629 habet
784 1562 928 1630 veritatis
946 1570 1038 1629 notus
1051 1586 1059 1642 ;
1082 1561 1164 1627 iilud
1177 1561 1285 1643 miror,
1301 1562 1341 1628 ub
1356 1561 1425 1659 ipso

332 1672 462 1756 Baitero
471 1675 751 1761 esserepudintcm.
787 1676 866 1746 Πῶς
875 1674 938 1764 γάρ
948 1674 997 1755 ἂν,
1009 1673 1034 1740 ὦ
1045 1673 1166 1763 ἄριστε,
1174 1672 1241 1758 εἴγ’
1252 1672 1341 1758 ἔμενε
1354 1672 1423 1741 τάδ’
1426 1691 1428 1694 “

332 1783 415 1851 οὕτω
428 1782 483 1851 τὸν
501 1785 609 1852 πάντα
624 1787 740 1875 χρόνον
758 1788 799 1859 ῶς
819 1790 874 1854 νῶν
888 1785 1143 1871 διακεκάσγωγται,
1160 1783 1267 1852 καινὸν
1283 1783 1428 1874 άνενρῖσ-

332 1892 405 1961 κετά
419 1921 499 1962 τοτε
511 1895 565 1963 καὶ
578 1896 704 1976 ducetur
725 1898 775 1965 ὅτι
791 1898 827 1983 (l.
843 1896 881 1965 οὔ
894 1903 938 1978 τι)
953 1897 1088 1987 μὲνγὰρ
1101 1898 1247 1987 μυριάκις
1259 1896 1358 1987 μύρια
1371 1897 1427 1979 ἔτη

335 2006 534 2074 διελάνθανεν
560 2006 623 2096 άρα
651 2007 723 2080 τοὺς
748 2007 829 2085 τότε,
855 2006 950 2098 χίλια
975 2006 1002 2073 δ’
1023 2007 1080 2097 ἀφ’
1108 2007 1146 2075 οὗ
1167 2004 1295 2093 γέγονεν
1322 2008 1356 2097 (ἢ
1381 2008 1428 2080 δὶς

333 2120 466 2187 τοσαῦτ’
479 2118 548 2201 ἔτη)
564 2118 606 2185 τά
618 2118 677 2204 γιὲν
691 2119 844 2207 Δαιδάλῳ
863 2124 1031 2207 καταφανῆ
1053 2118 1193 2209 [γέγονε]
1215 2111 1257 2187 τά
1274 2120 1300 2187 δ’
1312 2120 1431 2210 Ὀρφεῖ

334 2257 421 2298 κ.τ.ε.
464 2232 509 2300 Et
528 2231 664 2298 alterum
677 2232 806 2318 quidem
823 2230 934 2315 «γέγονε
952 2230 1064 2297 Astius
1084 2231 1310 2298 secludendum
1326 2232 1428 2313 vidit3

335 2342 442 2409 minus
468 2343 549 2409 bene
574 2342 778 2409 Hermannus
805 2342 894 2427 prius
920 2342 1068 2409 cancellis
1095 2341 1312 2409 circumdedit.
1365 2342 1428 2415 Sed

336 2476 440 2541 neque
456 2453 510 2520 ille
531 2460 644 2520 caetera
661 2452 861 2539 corrupisset,
876 2476 935 2519 nec
956 2452 1105 2519 Baiterus
1125 2451 1144 2519 ὅ
1164 2478 1197 2518 τι
1217 2459 1301 2518 sture
1317 2476 1428 2539 passus
1525 2438 1527 2445 ¹

335 2571 427 2645 osset,
436 2564 469 2652 si
490 2566 655 2631 sententies
671 2571 864 2631 structmum
884 2588 958 2631 cum
977 2564 1133 2632 similibus
1151 2565 1237 2651 apud
1259 2564 1429 2630 Platonem

335 2676 535 2764 reliquosque
553 2678 671 2764 passim
692 2676 792 2744 obviis
807 2676 999 2744 contulisset.
1043 2678 1120 2745 Non
1137 2683 1195 2743 tus
1211 2675 1351 2762 quidem,
1366 2675 1430 2741 Vir

335 2788 532 2870 Doctissime,
543 2790 598 2856 sed
607 2796 734 2857 tuorum
745 2788 972 2876 discipulorum
982 2788 1087 2876 gratis
1096 2787 1241 2875 exempla
1251 2787 1427 2877 subjiciam.

335 2901 386 2968 Of.
406 2902 507 2990 Legg.
525 2902 555 2968 I.
577 2903 649 2981 647,
670 2903 711 2967 D.
732 2900 752 2984 ἢ
774 2905 814 2987 τῇ
834 2900 893 2986 μὲν
915 2900 1019 2990 δειλίᾳ
1039 2949 1048 2967 .
1070 2949 1079 2967 .
1098 2907 1110 2967 ’.
1132 2948 1141 2966 .
1163 2899 1346 2988 σώφρωνδ
1365 2898 1429 2986 άρα

336 3037 418 3078 κ.τ.ε.
461 3013 584 3081 Phileb.
601 3015 653 3092 30,
668 3012 708 3078 Β.
731 3012 768 3078 οὐ
781 3011 842 3100 γάρ
857 3037 921 3078 που
937 3009 1086 3094 δοκοῦμέν
1102 3037 1140 3095 γε
1158 3013 1241 3077 κτὶε.
1285 3010 1427 3078 Putidis-

337 3125 418 3190 simu
444 3123 501 3190 illa
525 3127 583 3190 τοῦ
605 3121 732 3206 γέγονεν
755 3122 881 3189 iteratio
905 3123 1054 3188 admonet
1077 3145 1130 3188 me
1153 3130 1191 3188 ut
1218 3123 1279 3189 hoc
1303 3146 1429 3210 quoque

336 3234 452 3301 vitium
480 3258 576 3322 quem
604 3258 685 3321 saepe
712 3233 749 3300 in
776 3232 828 3299 his
855 3231 947 3299 libris
975 3234 1176 3300 commissum
1204 3233 1246 3302 sit
1274 3234 1428 3320 exemplis

335 3348 507 3414 ostendum.
560 3346 606 3412 Et
629 3346 724 3432 plura
745 3344 874 3432 quidem
895 3344 932 3410 in
956 3345 1017 3411 hoc
1038 3345 1108 3432 ipso
1129 3344 1212 3412 libro
1237 3345 1427 3412 emblemata

336 3482 393 3525 suo
414 3459 561 3545 quodque
586 3457 622 3523 in
649 3457 718 3522 loco
739 3455 898 3544 corrigere
920 3439 1078 3537 conabor3
1109 3479 1196 3522 nunc
1221 3456 1299 3522 duos
1312 3463 1429 3523 tresve

334 3576 500 3658 sequentes
521 3568 619 3635 libros
640 3568 750 3633 eodem
770 3567 900 3632 consilio
922 3589 1114 3654 percurram
1158 3565 1305 3632 Primum
1325 3567 1427 3634 idem·

334 3704 398 3769 que
417 3678 702 3746 lucidentissimum
722 3677 904 3764 exemplum
926 3677 1078 3765 quoniam
1099 3676 1177 3743 alias
1198 3677 1303 3758 attuli,
1324 3678 1428 3745 obiter

335 3799 464 3859 tuntum
489 3790 644 3856 indicabo.
701 3789 775 3855 710.
808 3784 1026 3876 Σωφροσύνην
1052 3814 1108 3873 μοι
1133 3788 1219 3856 δοκεῖ
1240 3789 1379 3878 φράζειν,
1403 3789 1429 3856 ὧ

337 3902 495 3987 Μέγιλλε,
504 3902 573 3968 «δεῖν
587 3900 665 3967 εἶναι
679 3899 737 3983 τὴν
751 3898 959 3984 ξυνετομένην
973 3900 990 3967 ὃ
1005 3899 1099 3985 ξένος.
1120 3901 1240 3991 ἦγάρ,·
1261 3903 1344 3968 Ae:
1371 3899 1430 3983 τὴν

335 4013 462 4098 dolatis}
486 4038 532 4097 γε,
556 4011 582 4079 ὦ
606 4009 750 4091 Κλεινία,
774 4011 828 4078 καὶ
854 4011 915 4101 οὐχ
941 4011 982 4095 ἥν
1005 4038 1054 4082 τις
1081 4011 1242 4096 σεμνύνων
1265 4011 1305 4078 dv
1329 4012 1428 4094 λέγοι,

337 4125 491 4215 φρόνησιν
508 4122 778 4211 προσαναγκάζων
796 4121 875 4189 εῖναι
893 4122 930 4190 τὸ
950 4127 1131 4212 σωφρονεῖν,
1146 4123 1221 4190 ἀλλ’
1241 4123 1319 4212 άπερ
1339 4124 1429 4197 εὐθὺς

332 4237 433 4305 παισὶ
456 4235 511 4303 καὶ
533 4235 659 4324 θηρίοις,
681 4237 747 4306 τοῖς
768 4233 826 4318 μὲν
850 4234 993 4323 ἀκρατῶς
1015 4234 1101 4324 ἔχειν
1123 4234 1203 4324 πρὸς
1224 4233 1282 4304 τὰς
1305 4234 1428 4337 ἡδονάς,

336 4350 498 4438 ξάμφυτον
518 4348 654 4429 ἐπανθεῖ,
670 4352 735 4419 τοῖς
755 4346 788 4413 δὲ
807 4347 973 4436 ἐγκρατῶς.
1016 4349 1104 4436 Lege
1118 4351 1175 4414 τοῦ
1193 4345 1238 4430 μὴ
1257 4346 1426 4436 ἀκρατῶς,·

337 4486 401 4551 qua
414 4461 605 4530 correctione
619 4460 703 4527 facts
717 4460 797 4526 falsa
810 4459 867 4526 illu
885 4461 1062 4539 antithesis,
1078 4462 1143 4531 τοῖς
1159 4457 1193 4524 δε
1210 4458 1376 4548 ἐγκρατῶς,
1393 4461 1430 4528 in

335 4581 449 4642 uentos
463 4575 539 4641 abit.
790 4575 792 4577 ’
1233 4583 1235 4588 ·

379 4685 424 4752 In
437 4686 511 4752 715.
547 4681 648 4769 τούτῳ
663 4681 767 4771 φαμὲν
786 4733 794 4749 .
818 4730 827 4749 .
849 4730 858 4749 .
880 4730 889 4748 .
911 4681 1018 4749 δοτέον
1032 4680 1111 4749 εἶναι
1131 4731 1141 4750 .
1163 4733 1172 4750 .
1196 4735 1205 4753 .
1227 4731 1236 4751 .
1257 4684 1429 4751 άτοδοτέον
