3850 5700
788 755 987 804 susurrum.
1438 755 1467 819 v

311 895 424 943 ciendum
448 892 562 941 arbitror.
605 891 777 953 Frigidissima
801 897 866 941 esset
890 894 930 940 hic
953 891 1104 960 Graecorum
1128 892 1219 952 injecta
1240 892 1340 940 mentio.
1382 884 1466 956 σίγα·

313 987 444 1046 σθέντες
462 1015 503 1035 -.
539 988 612 1035 Multi
630 987 661 1034 ad
683 985 721 1053 τῷ
741 983 808 1053 ἔργῳ
827 987 885 1047 jure
903 987 1070 1048 offenderunt;
1095 988 1139 1035 sed
1156 988 1308 1035 removenda
1324 990 1378 1033 erat
1392 986 1466 1033 etiam

311 1084 397 1145 putida
413 1079 574 1147 ταντολογία,
594 1072 660 1132 οὕτω
678 1078 722 1132 καί
739 1078 794 1132 θεολ
811 1077 921 1145 μάλιστα
938 1078 1057 1144 τιμαῖσιν.

383 1180 441 1241 180.
476 1171 642 1240 θειότερον
660 1169 724 1239 γοίρ·
760 1175 890 1236 Adiectum
908 1179 946 1223 est
963 1190 978 1222 a
995 1175 1084 1233 scriba,
1103 1175 1145 1234 qui
1162 1188 1261 1222 sensum
1278 1189 1328 1222 non
1346 1173 1466 1234 capiebat,

313 1266 426 1335 ἐραστής
441 1269 579 1328 παιδικῶν,
608 1265 694 1326 ἔνθεος
711 1264 760 1334 γάρ
778 1265 840 1320 ἐστι.
883 1270 952 1329 Quae
976 1269 1059 1317 omnia
1076 1270 1198 1318 facessere
1218 1268 1332 1329 jubebit,
1358 1266 1401 1327 qui
1417 1281 1467 1315 me·

314 1380 371 1413 cum
388 1365 469 1413 sentit.
1116 1422 1118 1425 .

385 1462 441 1507 181.
476 1451 699 1522 α’νοητοτοίτων
717 1484 750 1494 -
768 1458 804 1505 sic
820 1457 884 1518 libri,
903 1446 984 1505 rectos
1011 1457 1084 1516 Quod
1101 1471 1116 1504 a
1134 1456 1248 1504 Schitzio
1265 1458 1418 1517 propositum
1430 1463 1468 1507 est

315 1546 492 1617 α’νοητοτάτως
509 1553 617 1613 pedestri
635 1552 742 1601 sermoni
759 1567 810 1599 non
828 1553 954 1611 convenit,
983 1556 1019 1610 et,
1045 1556 1073 1599 ut
1090 1552 1153 1600 bene
1170 1552 1266 1599 monuit
1281 1551 1380 1611 Astius,
1404 1553 1467 1610 Bau·

315 1648 398 1695 suniae
415 1647 492 1694 menti
509 1647 661 1694 adversatur.
697 1642 749 1696 καί
767 1642 856 1698 ἔστιν
939 1642 1020 1710 ἔρως
1036 1673 1078 1693 -.
1108 1646 1184 1704 Haec,
1203 1659 1265 1705 quae
1283 1646 1414 1693 admodum
1431 1647 1468 1695 in-

314 1742 473 1801 tempestive,
498 1755 543 1788 nec
560 1740 626 1788 bona
643 1741 673 1787 de
690 1755 776 1800 causa,
801 1742 895 1788 inserta
912 1746 981 1799 sunt,
1005 1741 1101 1787 seclusi.
1135 1741 1194 1787 Mox
1211 1740 1373 1788 certissimam
1389 1741 1469 1789 Bastii

314 1836 481 1895 conjecturam
500 1826 604 1898 ἄμοιρος
620 1849 666 1895 pro
684 1826 790 1898 οἶμοίρον
807 1835 897 1894 recepi.
931 1830 966 1885 τό
986 1829 1047 1898 γὰρ
1064 1834 1126 1885 τῶν
1143 1831 1268 1885 παίδων
1287 1860 1327 1885 -.
1362 1835 1408 1882 His
1426 1835 1468 1882 ad-

310 1930 405 1990 jectum
428 1933 466 1976 est
488 1942 503 1975 a
525 1928 611 1976 scribis
636 1924 713 1985 τέλος.
756 1928 882 1976 Patienter
903 1930 1051 1988 hucusque
1074 1912 1182 1975 tales-unt
1207 1928 1313 1976 editores
1340 1924 1369 1979 τὸ
1398 1925 1470 1986 τέλος

314 2020 427 2090 τελευτᾷ.

386 2120 442 2165 182.
477 2117 577 2164 Nollem
593 2116 707 2164 Baiterus
725 2116 931 2164 Winckelmanno
949 2121 1049 2165 auctore
1066 2118 1145 2165 verba
1169 2113 1225 2167 καλ
1250 2113 1279 2168 ἐν
1302 2113 1468 2168 Λακεδαί·

317 2226 388 2275 μονι
404 2203 499 2258 uncinis
516 2212 662 2259 inclusisset.
698 2211 781 2270 Quid?
799 2212 841 2271 qui
859 2226 944 2259 omnes
959 2212 1021 2259 alias
1038 2212 1145 2273 majores
1163 2209 1282 2258 Graeciae
1299 2211 1412 2258 civitates
1431 2226 1468 2261 ra·

316 2309 416 2364 censet,
433 2292 587 2364 ostenditque
605 2305 664 2364 quid
682 2319 793 2364 quaeque
811 2306 840 2352 de
859 2320 885 2353 re
903 2306 1051 2365 gravissima
1067 2306 1170 2364 sentiat,
1188 2306 1241 2358 isne
1258 2305 1469 2352 Lacedaemonem

316 2399 428 2447 omittere
450 2399 549 2459 potest?
584 2399 666 2458 Quare
690 2414 739 2446 non
764 2400 843 2459 magis
865 2400 910 2447 hos
928 2401 1050 2447 cancellos
1067 2414 1167 2447 manere
1191 2413 1279 2459 pessus
1303 2412 1369 2457 sum,
1395 2413 1469 2458 quam

317 2494 383 2551 quod
399 2507 474 2553 snpra
497 2493 562 2540 idem
578 2493 625 2539 Vir
641 2494 735 2540 Doctus
752 2494 873 2540 innocuae
889 2494 946 2540 voci
969 2491 1101 2557 πρᾶγμα
1123 2494 1290 2541 circumdedit.
1331 2491 1393 2543 τῶν
1417 2483 1469 2556 οἷο·

311 2583 460 2659 ,χομίνων
477 2613 519 2634 -.
553 2587 594 2633 An
611 2587 774 2647 supplendum
793 2586 906 2653 ψυχαῖςί
940 2588 999 2634 Mox
1020 2594 1086 2636 recte
1103 2589 1200 2647 Aetius,
1227 2586 1337 2646 „Graece
1354 2587 1471 2645 loquendi

316 2682 438 2728 rationem
455 2682 598 2741 postulare“
623 2680 696 2739 dixit,
723 2684 751 2728 ut
767 2680 845 2728 verba
859 2675 892 2731 τά
910 2696 938 2731 τε
955 2672 1021 2731 ἄλλα
1037 2675 1120 2733 πάντα
1137 2677 1182 2732 καί
1200 2676 1214 2732 c‘
1231 2671 1324 2745 Ἔρως
1340 2681 1470 2741 sio-expli-

316 2778 416 2822 centur:
440 2767 474 2825 τά
491 2789 520 2825 τι
537 2764 602 2825 ἄλλα
618 2767 701 2825 πάντα
716 2771 761 2825 καλ
780 2763 922 2838 pellectus*
940 2765 1039 2838 Ἔρως.
1073 2776 1163 2835 Recte,
1186 2776 1252 2832 dico,
1280 2776 1302 2823 si
1319 2777 1387 2823 locus
1404 2779 1469 2823 recte

316 2870 422 2930 scriptus
439 2874 484 2917 est.
529 2869 578 2916 Sed
599 2869 658 2928 quid
680 2868 800 2917 attinebat
816 2869 846 2917 de
864 2871 956 2918 Amore
974 2871 1108 2929 dicentem,
1134 2870 1195 2918 alias
1212 2885 1253 2930 res
1270 2884 1469 2929 commemorare,

317 2978 380 3023 quae
398 2964 483 3010 eadem
501 2964 566 3011 bona
583 2963 728 3011 efficerent?
762 2964 796 3011 Et
812 2971 875 3024 quas
893 2969 951 3011 sunt
966 2964 1028 3012 istae
1046 2964 1103 3012 res?
1137 2966 1202 3011 Nam
1219 2978 1303 3022 nemo,
1322 2964 1422 3024 opinor,
1441 2964 1469 3010 il·

317 3059 360 3105 lud
376 3051 458 3108 πάντα
475 3058 571 3104 adduc
588 3062 695 3116 tantum,
713 3055 862 3128 φιλοσοφίαν
880 3053 924 3108 καλ
942 3055 1155 3122 φιλογυμναοτίαν
1172 3059 1328 3106 referendum
1345 3072 1399 3105 esse
1412 3072 1469 3104 con-

316 3152 407 3198 tendet.
442 3151 497 3198 Hoc
514 3151 585 3198 dicit:
607 3166 716 3199 amorem
733 3166 788 3199 cum
805 3153 902 3211 reliqua
919 3152 1003 3199 omnia
1018 3151 1097 3211 bona,
1115 3156 1168 3199 tum
1184 3153 1232 3199 hoc
1249 3165 1346 3211 quoque
1364 3151 1468 3208 efficere,

316 3250 345 3292 ut
361 3244 491 3292 concordia
507 3249 532 3292 et
549 3246 656 3293 amicitia
674 3246 741 3293 cives
758 3246 947 3306 conjungantur.
991 3247 1073 3306 Quare
1095 3241 1139 3296 καλ
1164 3246 1258 3306 expuli;
1283 3245 1327 3293 sed
1345 3245 1366 3292 si
1389 3259 1469 3292 corre-

316 3340 410 3386 xissem
427 3339 531 3387 fortasse
547 3339 637 3387 rectius
654 3339 779 3387 fecissem:
805 3331 820 3390 b*
839 3333 873 3404 δή
894 3336 1005 3404 μάλιστα
1027 3342 1098 3401 φιλεῖ
1112 3336 1144 3391 τά
1162 3332 1184 3388 τ’
1203 3331 1267 3391 ἄλλα
1283 3334 1365 3391 πάντα
1388 3333 1470 3389 καλὰ

318 3426 332 3483 c‘
344 3424 437 3496 ’Ἔρως
454 3426 573 3496 ἐμποιοῦν.
608 3431 821 3497 κατανοῆσαι,
841 3430 1062 3498 ἐνδυμηθέντι
1080 3448 1116 3497 γε
1134 3460 1172 3478 -.
1200 3433 1240 3481 Sic
1258 3434 1345 3493 scripsi
1361 3448 1407 3495 pro
1425 3447 1469 3483 κα-

262 3518 265 3523 ’
317 3524 446 3591 τανοῆσαι
476 3519 665 3590 Ἐνθυμηθέντι
682 3521 730 3591 γὰρ
747 3553 789 3572 -.
824 3529 863 3575 De
881 3542 930 3587 qua
946 3529 1082 3575 mutatione
1099 3528 1121 3575 si
1139 3528 1193 3586 quis
1211 3527 1317 3586 dubitat,
1333 3528 1354 3575 is
1372 3527 1470 3574 Actium

317 3620 429 3668 consulat
445 3621 571 3679 vulgatam
589 3620 760 3668 defendentem
777 3626 802 3669 et
819 3622 840 3670 si
856 3622 934 3669 Musis
951 3623 1034 3681 placet
1051 3622 1221 3682 explicantem.

389 3716 445 3762 188.
479 3711 688 3780 φιλοσοφίας
701 3716 774 3763 hodie
797 3715 829 3762 ab
852 3716 964 3763 omnibus
989 3717 1130 3764 damnatum
1153 3729 1199 3775 ego
1223 3719 1289 3762 certe
1307 3729 1357 3761 non
1374 3713 1469 3762 tuebor.

318 3807 449 3876 bedflunde
465 3808 557 3853 malum
574 3808 622 3854 huc
638 3808 754 3869 irrepsit?
788 3809 827 3856 An
845 3804 908 3856 t'or'te
926 3815 1068 3870 corruptum
1085 3814 1123 3857 est
1139 3823 1155 3856 a
1171 3805 1254 3873 φίλοις
1271 3800 1380 3873 σ’φθείςί
1416 3801 1471 3870 α’ρ-

318 3896 379 3968 χήν
402 3891 499 3965 ἄρξαι
520 3892 539 3962 ἤ
563 3895 617 3951 τιν’
634 3892 734 3966 ἄλλην
758 3896 895 3966 δύναμιν
914 3930 954 3950 -.
991 3903 1032 3950 Sic
1048 3903 1117 3950 libri:
1140 3903 1199 3962 quid
1216 3903 1249 3950 sit
1266 3892 1340 3966 ι’ίρξαι
1357 3896 1470 3964 δύναμιν,

317 3995 427 4042 viderint
444 3994 532 4054 quibus
550 3999 629 4042 vacat.
670 3997 733 4043 Tum
750 3998 797 4044 hoc
813 4002 925 4057 reperto,
950 3997 1013 4044 illud
1030 4002 1151 4056 quaerant
1168 4010 1271 4055 censeo,
1298 4008 1361 4055 quoe
1378 3994 1411 4041 sit
1426 3995 1471 4041 illa

318 4084 427 4153 δύναμις
447 4102 509 4148 quae
527 4104 576 4136 non
594 4090 627 4137 sit
643 4081 720 4156 ἀρχῆ.
755 4091 866 4152 Apparet
882 4084 988 4156 δύναμιν
1002 4092 1115 4139 'additum
1132 4107 1199 4149 esse,
1225 4095 1356 4152 postquam
1372 4084 1407 4151 δή
1425 4080 1470 4138 τιν’

318 4173 444 4247 indus*
461 4189 603 4244 corruptum
620 4188 691 4232 esset.
727 4176 805 4234 αὐτὸ
829 4175 902 4235 καθ’
926 4177 1008 4235 uiri
1034 4177 1107 4236 οὕτε
1131 4178 1323 4251 αἰσχρόν-.
1358 4183 1471 4230 Inseren-

319 4278 377 4324 dum
394 4278 493 4325 videtur
510 4268 583 4329 eicis
601 4283 657 4326 ante
674 4269 741 4329 οὕτε.

389 4372 446 4418 184.
464 4366 536 4424 ,καλ
553 4373 626 4428 τοῖς
644 4367 697 4436 μὲν
714 4369 932 4438 χαρίσασθαι,
957 4369 1036 4429 τοὺς
1053 4367 1089 4424 et
1107 4368 1298 4437 διαφεύγειν
1317 4397 1356 4417 -.
1392 4372 1471 4418 Nemo

318 4464 448 4512 mirabitur
458 4464 616 4529 verba-quae
627 4466 721 4526 Legem
738 4467 818 4526 ipsam
836 4480 891 4513 cum
909 4467 1009 4514 amasiis
1026 4481 1078 4513 rem
1095 4467 1227 4514 habentem
1238 4465 1338 4524 iaciunt,
1355 4480 1400 4526 pro
1414 4479 1471 4525 spu-

318 4559 559 4606 riisamenotnta.
595 4556 643 4616 είς
666 4551 932 4626 χρήματαῆείς
954 4553 1147 4624 iucundiore
1167 4536 1401 4615 πολιτινιάς--.
1436 4560 1469 4605 A·

318 4667 382 4714 page
400 4653 520 4700 insulsum
537 4653 736 4701 additamentum.
773 4645 796 4703 ‹5'
802 4668 882 4717 οπερ
901 4649 958 4718 γὰρ
976 4649 1056 4717 ἡμῖν
1074 4648 1172 4717 νόμος
1191 4681 1230 4699 -.
1253 4653 1331 4712 Libri,
1350 4647 1470 4716 ἔστιγὰρ

319 4741 383 4811 η’μῖν
400 4742 477 4810 νόμος
495 4738 580 4809 ὥσπερ
599 4774 644 4806 -,
670 4753 695 4796 et
711 4763 769 4795 mox
787 4744 917 4807 ἐθέλοντα,
944 4753 1042 4809 etpost
1059 4745 1117 4811 μία,
1141 4744 1326 4812 unisonantia,
1352 4761 1426 4806 quae,
1444 4749 1472 4793 ut

319 4841 351 4888 ad
375 4840 557 4900 Euthydemum
577 4843 672 4900 monui,
699 4843 851 4902 grammatici
874 4842 952 4890 verba
974 4847 1032 4890 sunt
1054 4843 1200 4900 dubitantis,
1224 4857 1287 4901 quae
1310 4855 1361 4888 vox
1383 4839 1471 4888 subau-

319 4934 410 4982 dienda
427 4934 470 4994 sit,
490 4927 552 4992 ὁδός
569 4951 601 4983 an
618 4933 726 4988 δουλεία
