3850 5700
897 736 1129 792 zmnomoN.
1312 709 1315 721 '
1551 738 1592 805 15

435 879 515 956 δοιοὶ
539 885 662 978 ἐραστη”
687 882 901 976 χαρίσασθαι,
930 876 1041 952 ἄλλοθι
1059 876 1087 952 δ’
1108 876 1263 971 οῦδαμοῦ.
1319 881 1372 951 ἐπὶ
1399 875 1505 979 τοῦτφ
1531 881 1592 951 καὶ
1658 966 1660 970 Ι

435 1010 688 1103 ἐξαπατηθῆναι
708 1006 797 1080 οῦδὲν
816 1004 964 1104 αἰσχράν·
994 1010 1046 1079 ἐπὶ
1062 1009 1099 1079 δὲ
1116 1015 1185 1093 τοίς
1205 1004 1319 1093 ἄλλοις
1337 1013 1421 1079 πάσι
1439 1009 1499 1079 καὶ
1517 1008 1591 1095 ἐξα·

371 1142 615 1237 ιεσπατομένφ
635 1134 791 1231 αἰσχύνην
807 1141 894 1231 φέρει
910 1138 971 1207 καὶ
988 1133 1045 1229 μή.
1093 1121 1123 1207 εί
1136 1133 1202 1231 γάρ
1221 1163 1270 1220 τις
1289 1139 1420 1232 ἐραστῇ
1433 1132 1475 1221 ὦς
1493 1142 1615 1208 πλον-ν

433 1268 492 1365 σίφ
512 1261 654 1337 πλοῦτσυ
673 1268 770 1337 ἕνεκα
787 1260 1003 1360 χαρισάμενος
1022 1264 1244 1356 ἐξαπατηθείη
1261 1267 1321 1335 καί
1338 1261 1384 1357 μή
1403 1260 1498 1356 λάβοι
1514 1290 1590 1360 χρη-

434 1419 546 1487 ματα,
573 1389 800 1489 ἀναφανέντος
819 1398 878 1465 τοῦ
902 1397 1041 1487 ἐραστοῦ
1067 1398 1223 1485 πένητος,
1251 1388 1342 1465 οῦδέν
1363 1420 1396 1464 τι
1419 1384 1518 1485 ἧττον
1539 1395 1591 1463 αἰ-

435 1518 548 1618 σχρόν·
574 1527 665 1593 δοκεῖ·
682 1517 786 1617 γάρὸ
814 1527 960 1606 τοιοῦτος
979 1516 1017 1593 τί
1042 1517 1072 1616 γ’
1092 1516 1195 1592 αὑτοῦ
1221 1520 1396 1608 ἐπιδείξαι,
1423 1518 1474 1592 ὅτι
1494 1523 1591 1591 ἕνεκα

433 1646 610 1745 χρημάτων
638 1646 745 1722 ὁτιοῦν
774 1646 814 1720 άν
843 1645 963 1748 ὁτῳοῦν
994 1645 1188 1744 ῦπηρετοίη·
1225 1653 1323 1722 τοῦτο
1354 1636 1382 1720 δ’
1409 1647 1446 1721 ου’
1476 1645 1589 1721 καλόν.

434 1775 529 1850 κατά
546 1775 601 1850 τὸν
618 1773 716 1850 αῦτὸν
734 1774 776 1871 δὴ
793 1772 887 1871 λάχον
905 1777 965 1849 καὶ
984 1779 1013 1849 εί
1028 1804 1077 1862 τις
1098 1774 1141 1862 ὡς
1163 1773 1279 1875 οίγαθῴ
1295 1774 1513 1874 χαρισάμενος
1531 1780 1591 1849 καὶ

434 1903 538 1991 αῦτὸς
557 1902 600 1990 ῦς
618 1902 755 1999 άμείνιον
775 1901 924 1999 ἐσόμενος
940 1903 998 1978 διά
1017 1903 1077 1999 τὴν
1096 1908 1207 2001 φιλίαν
1228 1912 1287 1977 τοῦ
1304 1910 1444 2002 ἐραστοῦ
1464 1906 1590 1993 ἐξαπα-

433 2036 564 2128 τηθείη,
590 2030 816 2131 ἀναφανέντος
832 2036 953 2106 ἐκείνου
973 2039 1081 2111 κακοῦ
1101 2036 1161 2106 καὶ
1180 2032 1217 2106 οῦ
1239 2041 1440 2127 κεκτημένου
1459 2031 1590 2131 ἀρετήν,

433 2160 522 2255 ὅμως
538 2159 669 2255 καλήἡ
694 2158 830 2254 άπάτη·
858 2168 949 2233 δοκεῖ
964 2159 1030 2258 γάρ
1057 2153 1100 2233 αὖ
1127 2164 1187 2234 καὶ
1210 2154 1304 2248 οῦτος
1328 2160 1365 2235 τὸ
1388 2160 1461 2235 καθ’
1487 2158 1615 2235 αῦτθνυ

432 2296 669 2383 δεδηλωκέναι,
696 2288 747 2361 ὅτι
761 2287 882 2387 άρετής
897 2286 925 2384 γ’
943 2293 1041 2362 ἕνεκα
1058 2291 1117 2362 καὶ
1135 2296 1193 2362 τοῦ
1210 2294 1343 2384 βελτίων
1360 2295 1507 2381 γενέσθαι
1523 2296 1589 2363 πᾶν

433 2415 477 2491 ἂν
500 2420 599 2490 παντὶ
623 2421 855 2515 προθυμηθείη·
879 2417 980 2491 ’τοῦτο
1004 2411 1093 2490 δἀῦ
1112 2414 1242 2491 πάντων
1264 2416 1450 2491 κάλλιστον.
1505 2417 1589 2491 οῦτυ

433 2542 566 2632 πάντως
585 2573 623 2641 γε
640 2544 743 2618 καλὸν
761 2543 885 2642 άρετῆς
903 2550 1000 2618 ἕνεκα
1018 2550 1211 2642 χαρίζεσθαι.
1267 2538 1363 2634 οῦτάς
1384 2552 1470 2619 ἐστιν
1491 2544 1507 2619 ὁ
1529 2553 1590 2641 τῆς

432 2672 602 2771 Οῦρανίας
620 2679 690 2747 θεοῦ
712 2678 790 2771 ἔρως
812 2676 871 2747 καὶ
897 2669 1045 2771 οῦράνιος
1065 2677 1124 2748 καὶ
1149 2680 1270 2748 πολλοῦ
1298 2673 1389 2763 άξιος
1412 2678 1472 2748 καὶ
1498 2672 1590 2748 πάλει

432 2806 494 2876 καὶ
511 2799 662 2892 ἰδιώταις
690 2801 813 2897 πολλὴν
831 2807 1014 2898 ἐπιμέλειαν
1032 2800 1231 2898 ἀναγκάζων
1248 2808 1408 2878 ποιεῖσθαι
1421 2803 1501 2902 πρὸς
1515 2801 1589 2900 οίρε-

432 2929 496 3024 τὴν
515 2929 571 3004 τόν
591 2929 618 3004 τ’
640 2936 764 3028 ἐρῶντα
783 2929 885 3005 αὐτὸν
908 2927 1013 3004 αὑτοῦ
1034 2929 1167 3004 καὶτὸν
1192 2930 1362 3029 ἐρόμενον·
1391 2936 1419 3005 οἱ
1438 2930 1466 3005 δ’
1489 2936 1613 3030 ἕτεροιο

432 3057 556 3146 πάντες
574 3067 637 3152 τῆς
655 3063 785 3157 ἑτέρας,
812 3063 875 3145 τῦς
894 3058 1078 3154 πανδήμου.
1132 3058 1254 3133 Ταῦτά
1274 3087 1344 3150 σοι,
1371 3064 1454 3156 ἐφη,
1483 3058 1525 3146 ὡς
1551 3065 1589 3133 ἐκ

431 3194 494 3260 τοῦ
519 3183 740 3285 παραχρῆμα,
775 3181 969 3285 ὦΦαίδρε,
1004 3191 1076 3284 περὶ
1093 3187 1243 3286 Ἔρυτος
1270 3186 1510 3283 συμβάλλομαι.
1537 3229 1589 3242 -

432 3319 627 3389 Παυσανίου
643 3319 680 3389 δὲ
697 3323 929 3412 παυσαμένου,
956 3299 1241 3415 διδάσκουσιχάρ
1265 3345 1304 3412 με
1327 3320 1387 3389 ἴσα
1407 3323 1508 3411 λέγειν
1536 3315 1590 3390 οῦ-

431 3446 516 3534 τοσθ
533 3447 562 3517 οί
579 3447 683 3541 σοφοί,
710 3449 773 3541 ἔφη
794 3442 809 3517 ὁ
826 3442 1063 3542 Ἀριστόδημος
1079 3452 1144 3518 δεῖν
1163 3447 1220 3539 μὲν
1234 3443 1457 3555 Ἀριστοφάνη
1474 3450 1589 3540 λέγειν,

430 3580 540 3666 τυχεῖν
556 3569 582 3646 δ’
601 3568 693 3672 adro}
709 3601 785 3647 τινα
802 3571 825 3668 η’
841 3570 905 3646 ῦπὸ
921 3578 1115 3668 πλησμονῆς
1133 3570 1156 3666 ἧ
1174 3571 1238 3646 ῦπά
1257 3601 1342 3660 τινος
1358 3571 1462 3646 άλλου
1479 3572 1589 3668 λῦγχα

430 3705 697 3774 ἐπιπεπτωκυῖαν
720 3705 780 3775 καὶ
800 3699 858 3796 οῦχ
881 3699 945 3775 οἷόν
967 3699 994 3775 τ’
1021 3699 1103 3774 είναι
1124 3708 1244 3797 λέγειν,
1271 3698 1345 3775 ἀλλ’
1367 3705 1466 3775 εἰπεῖν
1485 3700 1587 3776 αῦτάν

430 3870 486 3883 --
511 3834 542 3900 ἐν
562 3836 619 3924 τη
632 3826 726 3902 κάτω
750 3830 815 3927 γάρ
841 3828 946 3904 αῦτοῦ
974 3829 1028 3903 τὸν
1050 3829 1160 3928 ἰατρὸν
1185 3829 1402 3928 Ἐρυξίμαχον
1429 3839 1613 3904 κατανοεῖ-ἀ
1646 3852 1649 3856 “

431 3962 510 4030 σθαι
530 3998 581 4010 -
595 3951 643 4030 Ὤ
659 3956 877 4056 Ἐρυξίμαχε,
904 3962 1031 4045 δίκαιος
1049 3957 1116 4052 εἴη’
1136 3962 1267 4032 παῦσαί
1286 3987 1326 4053 με
1347 3966 1409 4052 της
1427 3957 1587 4053 λυγγὸςῆ

430 4090 536 4180 λέγειν
553 4083 635 4183 ῦπὲρ
651 4091 740 4180 ἐμοῦ,
768 4090 827 4173 ἕως
844 4084 883 4160 άν
901 4086 964 4182 ἐγώ
984 4083 1173 4180 παύσωμαι.
1216 4089 1284 4160 Καὶ
1300 4085 1353 4160 τὸν
1369 4085 1586 4184 Ἐρυξίμαχον

430 4217 550 4303 εἰπεῖν,
575 4211 682 4287 Ἀλλά
702 4212 827 4309 ποιήσι)
847 4210 1020 4312 οίμφάτερα
1043 4222 1166 4289 ταῦτα.
1220 4213 1282 4310 ἐγώ
1302 4217 1358 4309 μὲν
1381 4213 1446 4312 γάρ
1467 4219 1526 4313 ἐρῶ
1554 4220 1586 4288 ἐν

430 4349 481 4441 τῷ
498 4347 544 4442 σῷ
560 4348 658 4439 μέρει,
684 4340 726 4416 σῦ
740 4340 766 4415 δ’
787 4340 916 4417 ἐπειδάν
939 4340 1074 4438 παῦοη,
1100 4348 1133 4415 ἐν
1150 4350 1195 4443 τῷ
1213 4348 1296 4443 ἐμῷ·
1324 4347 1356 4415 ἐν
1375 4335 1399 4443 ᾧ
1417 4341 1443 4414 δ’
1464 4341 1505 4416 άν
1523 4341 1586 4438 ἐχῦ

429 4475 529 4564 λέγω,
554 4468 610 4543 ἐοὶν
631 4477 687 4565 μέν
704 4499 755 4544 σοι
770 4476 862 4566 ἐθέλη
880 4468 1040 4544 ἀπνευστὶ
1058 4476 1162 4566 ἔχοντι
1180 4468 1278 4544 πολῦν
1297 4469 1406 4569 χρόνον
1424 4469 1588 4546 παύεσθαι

427 4597 455 4693 ἡ
482 4596 579 4688 λῦγξ·
613 4601 702 4672 εἰδὲ
726 4597 791 4693 μή,
825 4599 924 4672 ῦδατι
946 4596 1243 4694 άνακοχχυλίασον.
1296 4603 1324 4672 εί
1349 4597 1376 4671 δ’
1404 4599 1474 4697 ἄρα
1499 4598 1586 4673 πάνυ

428 4722 554 4823 ἰσχυρά
572 4731 677 4816 ἐστιν,
704 4725 877 4822 ἀναλαβών
898 4755 931 4801 τι
947 4734 1111 4817 τοιοῦτον,
1138 4729 1192 4827 οίφ
1210 4724 1339 4819 κνησαί
1364 4726 1405 4800 οἲν
1423 4726 1484 4821 την
1503 4732 1609 4824 ῥῖναι

1092 4853 1106 4876 ’θλ

426 4851 559 4951 πτάφι·
593 4852 655 4929 κάν
682 4862 790 4930 τοῦτο
805 4854 945 4950 ποιήσῃς
965 4855 1060 4944 ἅπαξ
1084 4884 1106 4949 η
1131 4858 1198 4941 δίς,
1226 4857 1286 4928 καὶ
1308 4859 1336 4929 εί
1359 4853 1447 4928 πάνυ
1469 4854 1587 4953 ἰσχυροί
