3850 5700
806 765 1006 813 Paaarnrro.
1036 776 1040 782 ’
1111 819 1114 823 ,
1440 763 1487 826 lx

402 907 459 952 212.
495 903 553 954 >toi
574 898 674 960 αὐτὸς
695 902 792 967 τιμῶ·
817 898 855 954 τοί
878 897 901 953 δ’
924 897 1064 964 ἐρωτικαί
1084 928 1123 948 -.
1160 901 1200 949 Sic
1217 903 1311 949 mutui
1334 903 1439 960 quaein
1457 903 1485 948 li-

332 999 384 1046 bris
402 1001 526 1045 feruntur:
551 995 595 1049 καί
614 991 692 1055 αὐτὸς
709 995 775 1061 τιμῶ
794 992 826 1048 τοὶ
845 991 954 1060 ἐρωτικὰ
973 1013 996 1046 κ.
1014 1012 1035 1046 τ.
1055 992 1076 1045 ἐ.
1116 997 1175 1042 Mox
1192 1011 1237 1056 pro
1255 991 1301 1059 τὴν
1319 990 1423 1059 δύναμιν
1442 992 1486 1045 καί

332 1084 462 1155 ἀνδρείαν,
481 1094 537 1139 dedi
554 1088 601 1157 τήν
619 1086 724 1155 δύναμίν
741 1106 770 1141 τε
788 1088 832 1141 καί
849 1088 941 1158 χρείαν.
979 1089 1029 1155 (Cf.
1048 1092 1105 1137 204.
1124 1081 1243 1151 ὁἜρως
1257 1086 1313 1139 τίνα
1330 1086 1415 1155 χρείαν
1434 1086 1486 1155 ἔχει

331 1191 385 1244 τοῖς
408 1180 563 1249 ἀνθρώποις
589 1187 681 1233 scilicet
705 1201 768 1244 quae
790 1187 916 1244 hueusque
939 1185 1063 1245 disputata
1084 1189 1154 1231 erant
1176 1184 1208 1230 ad
1231 1178 1277 1247 τὴν
1302 1177 1407 1247 δύναμιν
1431 1199 1485 1244 per-

330 1280 463 1346 tinebant.)

403 1378 459 1422 213.
502 1372 545 1432 ως
570 1371 692 1426 ἐκεῖνον
716 1373 864 1434 καθίζειν
887 1374 947 1421 mihi
972 1374 1070 1433 quidem
1095 1374 1255 1420 vehementer
1281 1380 1396 1433 suspecta
1421 1379 1485 1434 sunt,

332 1472 439 1531 primum
462 1470 493 1517 ob
516 1462 564 1528 ὦς,
591 1470 658 1528 quod
682 1462 750 1519 ω’στε
773 1484 826 1516 esse
850 1469 961 1527 deberet,
989 1469 1076 1515 deinde
1094 1469 1126 1514 ob
1143 1463 1250 1525 ἐκεῖνον,
1278 1469 1344 1527 quod
1361 1470 1485 1529 Agathoni

331 1566 413 1625 potius
436 1578 509 1623 quam
526 1563 649 1611 Alcibiadi
666 1563 794 1622 convenit,
822 1569 874 1609 tum
896 1563 928 1610 ob
950 1561 1063 1621 καθίζειν
1087 1577 1132 1623 pro
1154 1577 1202 1620 quo
1221 1560 1374 1622 καθίζεσθαι
1390 1566 1485 1625 flagita-

331 1666 384 1717 tur,
409 1665 533 1719 postremo
551 1659 610 1716 quia
627 1673 657 1704 ex
676 1661 727 1704 tota
745 1658 866 1705 sententia
883 1658 944 1704 nihil
961 1658 1023 1704 lucis
1041 1657 1073 1703 ad
1091 1672 1120 1703 ea
1144 1672 1206 1716 quae
1229 1663 1361 1704 narrantur
1383 1661 1483 1708 accedit.

331 1741 395 1805 ἇλλά
414 1725 567 1813 καθίζεσθαι
584 1747 653 1814 παρὰ
670 1746 713 1802 τὸν
730 1744 868 1816 Ἀγάθωνα
885 1748 910 1801 ἐν
929 1747 1001 1816 μέσῳ
1020 1747 1177 1814 Σωκράτους
1194 1767 1222 1801 τε
1240 1748 1285 1802 καί
1302 1748 1409 1813 ἐκείνου,
1436 1770 1484 1804 πα-

331 1845 481 1913 ραχωρῆσαι
499 1840 547 1910 γὰρ
565 1840 608 1896 τὸν
627 1840 773 1909 Σωκράτη’
796 1840 1035 1908 παρακαθεζόμενον
1053 1840 1083 1896 δὲ
1101 1873 1140 1891 -.
1176 1846 1271 1906 Ecquid
1289 1848 1425 1907 simplicius
1443 1854 1485 1896 aut

330 1942 420 1988 clarius
437 1941 537 2000 depingi
553 1939 651 2000 potest?
693 1932 771 1988 οίλλὰ
798 1931 903 2002 φέρετ’
926 1926 950 1989 ω’
970 1932 1114 2003 Ἀγάθων
1132 1966 1172 1986 -.
1209 1939 1250 1987 sic
1267 1942 1358 2000 optime
1376 1942 1484 1991 Cobetus

329 2050 375 2096 pro
394 2028 458 2085 ἀλλά
476 2031 576 2097 φερέτω
592 2025 720 2097 Ἀγάθων.

399 2130 456 2175 214.
490 2122 576 2189 παρὰ
601 2123 766 2192 νηφόντων
791 2122 910 2191 λόγους
933 2152 973 2171 -.
1013 2128 1074 2174 Post
1098 2128 1159 2174 baec
1182 2129 1260 2176 verba
1282 2123 1355 2193 λόγον
1382 2131 1482 2190 inserui,

328 2224 396 2282 quod
412 2222 505 2283 primus
521 2222 621 2268 Bastius
638 2221 777 2269 iaciendum
794 2220 864 2269 vidit.

335 2351 338 2356 -
399 2318 456 2365 215.
490 2309 608 2367 τούτου
626 2309 818 2375 διδάξαντος
838 2341 877 2363 -.
912 2316 964 2362 lmo
982 2314 1026 2365 τοῦ
1045 2310 1199 2374 διδάξαντος.

399 2413 456 2458 216.
492 2407 547 2460 καί
572 2396 610 2459 αὖ
634 2402 745 2473 οἶγνοεῖ
767 2405 869 2459 πάντα
893 2405 948 2458 καί
974 2402 1065 2459 ου’δέν
1090 2402 1175 2459 οἶδεν
1194 2436 1233 2454 -.
1270 2411 1353 2458 Verba
1376 2412 1482 2461 absurde

329 2509 447 2565 concepta
465 2511 489 2552 et
505 2519 607 2564 prorsus
622 2504 702 2550 alierm
719 2508 804 2550 auctor
822 2518 876 2549 sum
894 2508 921 2549 ut
939 2518 1024 2551 omnes
1043 2503 1084 2561 qui
1103 2503 1223 2563 sapimus,
1242 2508 1283 2552 vel
1300 2521 1387 2566 sapere
1402 2508 1482 2556 videri

327 2602 454 2657 volumus,
476 2609 528 2645 uno
554 2613 596 2645 ore
623 2598 789 2657 explodamus.
833 2598 891 2643 Mox
915 2611 960 2657 pro
983 2595 1039 2647 ἴστε
1065 2598 1178 2646 usitatius
1200 2604 1265 2646 esset
1287 2601 1334 2647 hoc
1357 2616 1430 2648 sensu
1453 2590 1483 2653 εὖ

327 2692 392 2743 ίστε.
435 2686 568 2757 ἡγεῖται
593 2688 627 2742 δὲ
651 2685 753 2741 πάντα
777 2690 880 2741 ταῦτα
903 2686 941 2740 τὰ
969 2686 1123 2755 κτήματα
1148 2684 1280 2751 ον’δενός
1303 2685 1393 2755 ἄξια,
1424 2692 1482 2746 καὶ

230 2788 233 2794 “
328 2782 418 2852 ἡμᾶς
435 2778 526 2837 ου’δὲν
545 2779 635 2835 εἶναι.
672 2777 927 2848 εἰρωνευόμενος
950 2781 986 2836 δὲ
1007 2782 1061 2835 καί
1079 2783 1202 2847 παίζων
1224 2783 1324 2838 πάντα
1341 2784 1396 2840 τὰν
1416 2788 1482 2857 βίον

327 2878 409 2946 πρὸς
425 2877 498 2938 τοὺς
516 2872 701 2944 ἀνθρώπους
725 2879 880 2931 διατελεῖ.
916 2879 956 2927 Sic
972 2881 1028 2928 libri
1046 2881 1173 2942 impressi,
1192 2884 1258 2942 quod
1276 2884 1362 2943 sciam,
1382 2899 1480 2944 omnes3

328 2978 372 3024 sed
390 2976 493 3024 Codices
510 2976 606 3035 optimi,
634 2971 678 3024 καί
701 2968 773 3039 η’μᾶς
795 2967 867 3026 ον’δὲν
890 2969 953 3025 εἶναι
975 2972 1056 3039 λέγω
1081 2970 1156 3038 ὑμῖν
1181 2973 1373 3041 εἰρωνευόμενος
1391 2975 1421 3029 δέ
1439 3006 1479 3024 -.

326 3072 396 3118 Haec
412 3085 461 3117 non
477 3073 581 3130 possunt
598 3084 651 3116 esse
669 3069 799 3129 glossema,
818 3069 908 3130 quippe
927 3083 989 3129 quae
1007 3085 1081 3117 sensu
1098 3076 1204 3117 careant.
1240 3072 1380 3119 Provocare
1398 3078 1480 3121 autem

327 3179 372 3212 uos
389 3165 505 3212 videntur
522 3169 549 3210 ut
565 3168 662 3211 caetera
680 3163 821 3222 diligentius
837 3163 1012 3224 inspiciamus3
1031 3179 1080 3223 quo
1098 3165 1162 3211 facto
1180 3165 1240 3212 illud
1256 3165 1337 3212 minus
1353 3169 1481 3215 commode

327 3259 419 3306 dictum
436 3273 490 3306 esse
507 3258 683 3318 intelligemus,
707 3252 739 3308 τοὶ
757 3238 878 3321 κτήματα
896 3251 1029 3315 ον’δενός
1052 3251 1128 3318 ἄξια
1149 3255 1194 3309 καί
1209 3252 1284 3325 ἡμᾶς
1301 3253 1392 3312 οὐδὲν
1410 3247 1479 3313 εἶναι.

328 3353 393 3412 Quid
410 3353 475 3412 quod
492 3353 631 3412 importune
653 3339 766 3410 adjicitur
789 3352 899 3412 ipsorum
916 3353 1044 3400 hominum
1062 3355 1166 3412 mentio,
1194 3354 1237 3401 ubi
1253 3356 1371 3403 hactenus
1389 3357 1419 3404 de
1438 3356 1480 3403 bo-

328 3448 379 3506 nis,
406 3460 469 3506 quae
492 3450 620 3506 putantur,
646 3446 760 3493 humanis
778 3461 858 3493 sermo
876 3446 928 3493 fuit.
969 3447 1021 3494 Fac
1042 3448 1117 3508 igitur
1135 3450 1282 3496 sententiam
1298 3451 1324 3496 in
1342 3441 1402 3510 ἄξια
1419 3453 1482 3499 desi-

328 3556 399 3602 nere;
425 3541 547 3601 quomodo
565 3541 692 3599 sequentia
708 3541 743 3586 ita
759 3541 848 3600 refingi
870 3544 1000 3600 poterunt,
1027 3547 1055 3588 ut
1077 3556 1140 3600 quae
1157 3557 1173 3589 a
1189 3544 1273 3591 verbis
1292 3542 1336 3593 καί
1353 3531 1426 3610 ἦμᾶς
1442 3562 1482 3594 us·
1569 3540 1576 3555 ’“

328 3650 376 3695 que
392 3635 423 3682 ad
441 3634 554 3686 διατελεῖ
575 3635 690 3694 leguntur
706 3635 732 3681 in
750 3649 825 3682 unum
848 3635 1005 3682 coalescant?
1041 3638 1135 3697 Nempe
1156 3638 1176 3684 si
1199 3636 1265 3701 λεγω
1288 3639 1314 3685 in
1338 3654 1399 3709 ηχο,
1425 3655 1482 3703 υμιν

327 3739 353 3785 in
372 3706 432 3801 υμείν
449 3741 545 3795 vertas,
568 3738 629 3784 haec
646 3738 767 3785 evadent:
789 3733 834 3786 καὶ
850 3730 923 3803 ἡμᾶς
941 3730 1014 3788 οὐδὲν
1032 3733 1096 3788 εἶναι
1112 3733 1269 3803 ἡγούμενος,
1288 3736 1483 3806 εἰρωνευόμενος

295 3850 299 3857 ·
329 3817 359 3874 δὲ
376 3818 421 3872 καί
437 3818 534 3882 παίζων
551 3817 633 3873 πάντα
649 3817 693 3872 τὸν
711 3819 763 3888 βίον
780 3817 845 3884 apic
861 3817 921 3880 τούς
938 3815 1088 3886 ἀνθρώπους
1105 3824 1224 3875 διατελεῖ.

398 3918 454 3963 217.
490 3911 550 3982 ἐμβ
560 3913 639 3982 ραχιί
658 3943 699 3962 —.
730 3915 771 3964 Sic
782 3922 848 3964 recte
859 3917 1023 3978 Hirschigius,
1041 3924 1175 3978 praeeunte
1188 3918 1289 3977 Cobeto,
1308 3921 1387 3980 quiin
1399 3923 1481 3968 Novv.

328 4010 408 4057 Leott.
425 4010 476 4057 vim
493 4011 562 4057 vocis
585 4011 699 4070 plurimis
722 4011 841 4072 exemplis
859 4011 978 4070 declarat,
1002 4013 1165 4072 admonetque
1183 4028 1309 4061 carneum
1333 4006 1417 4074 ὅστις,
1439 4006 1484 4065 ἀ’τι

328 4109 384 4153 cett
410 4105 469 4165 poni
491 4106 577 4153 solere.
616 4105 687 4153 Libri
713 4101 737 4155 ἐν
756 4106 853 4171 βραχεῖ.
897 4093 988 4163 οὗτος
1012 4096 1088 4171 ᾔδει
1107 4133 1145 4154 -.
1182 4109 1245 4165 lmo,
1272 4109 1292 4155 si
1317 4109 1376 4168 quid
1400 4110 1481 4168 video,

328 4191 408 4256 αὐτὸς
424 4189 491 4264 ᾔδει.

395 4270 456 4339 Ι218.
492 4287 674 4344 κινδυνεύει
695 4308 716 4342 τ.
736 4288 760 4345 o’.
778 4287 813 4343 ου’
831 4293 936 4359 φαῦλα
960 4288 1045 4345 εἶναι
1063 4321 1101 4341 -.
1137 4295 1269 4343 Librorum
1285 4297 1416 4345 lectionem
1434 4314 1482 4348 κιν-

329 4381 444 4443 δυνεύεις
460 4400 482 4436 τ.
501 4378 524 4438 o'·
544 4377 573 4436 ον’
591 4384 687 4450 φαῦλος
705 4381 779 4446 εἶναι,
798 4389 901 4435 correxi.

399 4481 456 4527 220.
492 4470 584 4531 οὐδὲν
601 4467 683 4545 ἦσαν
701 4480 729 4531 ol
747 4474 835 4532 ἄλλοι
851 4477 930 4546 πρὸς
947 4479 980 4535 τὰ
1000 4487 1176 4548 καρτερεῖν
1195 4456 1234 4532 -'.
1270 4486 1336 4533 Num
1352 4488 1483 4548 legendum

329 4566 403 4625 ου’δέν
420 4560 487 4637 ἦσαν
506 4572 528 4623 οἱ
545 4565 616 4624 ἄλλοι
635 4569 700 4638 πρὸς
718 4567 793 4629 αὐτὸν
811 4573 850 4641 τῷ
868 4581 1005 4640 καρτερεῖν.
1047 4579 1114 4624 Infra
1137 4579 1263 4637 aliquanto
1288 4581 1402 4628 fidentius
1425 4583 1483 4629 scri·

328 4668 434 4728 pserim:
465 4663 493 4718 ἔν
518 4660 540 4717 τ’
558 4655 598 4718 αιί
620 4672 693 4725 ταῖς
717 4662 872 4735 ου’ωχίαις
898 4664 994 4734 μόνος
1019 4663 1198 4722 ἀπολαύειν
1223 4666 1306 4736 [οἷός
1329 4665 1351 4724 τ’
1375 4662 1426 4738 η’ν]
1450 4691 1484 4726 τε

328 4752 430 4811 τᾶλλα
447 4759 502 4812 καί
519 4760 620 4812 πίνειν
643 4756 699 4813 ου’νι
722 4759 855 4821 ἐθέλων,
882 4757 979 4815 ὅποτε
996 4757 1224 4831 ἀναγκασθείη
1247 4763 1366 4825 πάντας
1389 4764 1484 4832 ἐκρά-

329 4855 412 4917 τειι
442 4856 502 4907 τῶν
527 4847 700 4907 Ἰώνων--.
741 4859 819 4906 vaes
843 4860 979 4920 probabilis
1003 4861 1063 4908 mhi
1088 4862 1185 4910 videtur
1212 4863 1483 4925 venustumque

1241 4953 1285 4990 κει
