<?xml version="1.0" encoding="UTF-8"?>
<!DOCTYPE html PUBLIC "-//W3C//DTD XHTML 1.0 Transitional//EN"
    "http://www.w3.org/TR/xhtml1/DTD/xhtml1-transitional.dtd">
<html xmlns="http://www.w3.org/1999/xhtml" xml:lang="en" lang="en">
 <head>
  <title>
</title>
<meta http-equiv="Content-Type" content="text/html;charset=utf-8" />
  <meta name='ocr-system' content='tesseract 3.04.00' />
  <meta name='ocr-capabilities' content='ocr_page ocr_carea ocr_par ocr_line ocrx_word'/>
</head>
<body>
  <div class='ocr_page' id='page_1' title='image "./platonisconvivi00platgoog_0067.png"; bbox 0 0 3850 5700; ppageno 0'>
   <div class='ocr_carea' id='block_1_1' title="bbox 796 768 1488 837">
    <p class='ocr_par' dir='ltr' id='par_1_1' title="bbox 796 768 1488 837">
     <span class='ocr_line' id='line_1_1' title="bbox 796 768 1488 837; baseline -0.007 -13"><span class='ocrx_word' id='word_1_1' title='bbox 796 768 1029 824; x_wconf 67' lang='grc' dir='ltr'>κιαιπσῑιοιι.</span> <span class='ocrx_word' id='word_1_2' title='bbox 1450 770 1488 837; x_wconf 86' lang='lat'>11</span> 
     </span>
    </p>
   </div>
   <div class='ocr_carea' id='block_1_2' title="bbox 283 890 1579 4865">
    <p class='ocr_par' dir='ltr' id='par_1_2' title="bbox 283 890 1579 4865">
     <span class='ocr_line' id='line_1_2' title="bbox 334 890 1490 1011; baseline -0.001 -25"><span class='ocrx_word' id='word_1_3' title='bbox 334 917 449 1000; x_wconf 89' lang='grc' dir='ltr'>καλῶς</span> <span class='ocrx_word' id='word_1_4' title='bbox 467 916 524 1007; x_wconf 80' lang='grc' dir='ltr'>μέν</span> <span class='ocrx_word' id='word_1_5' title='bbox 543 910 608 1011; x_wconf 87' lang='grc' dir='ltr'>γοὶρ</span> <span class='ocrx_word' id='word_1_6' title='bbox 624 911 844 1011; x_wconf 81' lang='grc' dir='ltr'>πραττόμενον</span> <span class='ocrx_word' id='word_1_7' title='bbox 864 914 925 985; x_wconf 89' lang='grc' dir='ltr'>καὶ</span> <span class='ocrx_word' id='word_1_8' title='bbox 947 909 1045 1010; x_wconf 82' lang='grc' dir='ltr'>ὀρθῶς</span> <span class='ocrx_word' id='word_1_9' title='bbox 1065 910 1166 986; x_wconf 80' lang='grc' dir='ltr'>καλὸν</span> <span class='ocrx_word' id='word_1_10' title='bbox 1184 890 1347 1007; x_wconf 78' lang='grc' dir='ltr'>γίγνεται,</span> <span class='ocrx_word' id='word_1_11' title='bbox 1376 910 1423 1007; x_wconf 89' lang='grc' dir='ltr'>μή</span> <span class='ocrx_word' id='word_1_12' title='bbox 1440 908 1490 1008; x_wconf 80' lang='grc' dir='ltr'>ὄρ-</span> 
     </span>
     <span class='ocr_line' id='line_1_3' title="bbox 335 1038 1492 1138; baseline -0.003 -24"><span class='ocrx_word' id='word_1_13' title='bbox 335 1047 398 1129; x_wconf 87' lang='grc' dir='ltr'>θῶς</span> <span class='ocrx_word' id='word_1_14' title='bbox 412 1040 440 1115; x_wconf 90' lang='grc' dir='ltr'>δ’</span> <span class='ocrx_word' id='word_1_15' title='bbox 460 1039 603 1138; x_wconf 84' lang='grc' dir='ltr'>αίσχρύν.</span> <span class='ocrx_word' id='word_1_16' title='bbox 657 1041 740 1116; x_wconf 87' lang='grc' dir='ltr'>ούτω</span> <span class='ocrx_word' id='word_1_17' title='bbox 757 1040 799 1135; x_wconf 92' lang='grc' dir='ltr'>δή</span> <span class='ocrx_word' id='word_1_18' title='bbox 821 1044 880 1115; x_wconf 93' lang='grc' dir='ltr'>καὶ</span> <span class='ocrx_word' id='word_1_19' title='bbox 896 1040 934 1114; x_wconf 82' lang='grc' dir='ltr'>τὸ</span> <span class='ocrx_word' id='word_1_20' title='bbox 950 1048 1026 1138; x_wconf 78' lang='grc' dir='ltr'>ἐρᾶν</span> <span class='ocrx_word' id='word_1_21' title='bbox 1045 1044 1104 1113; x_wconf 85' lang='grc' dir='ltr'>καὶ</span> <span class='ocrx_word' id='word_1_22' title='bbox 1122 1038 1259 1138; x_wconf 83' lang='grc' dir='ltr'>ὃἝρως</span> <span class='ocrx_word' id='word_1_23' title='bbox 1277 1038 1315 1114; x_wconf 89' lang='grc' dir='ltr'>ού</span> <span class='ocrx_word' id='word_1_24' title='bbox 1335 1047 1404 1126; x_wconf 82' lang='grc' dir='ltr'>πᾶς</span> <span class='ocrx_word' id='word_1_25' title='bbox 1422 1044 1492 1113; x_wconf 84' lang='grc' dir='ltr'>ἐστι</span> 
     </span>
     <span class='ocr_line' id='line_1_4' title="bbox 336 1155 1491 1266; baseline -0.005 -22"><span class='ocrx_word' id='word_1_26' title='bbox 336 1170 442 1257; x_wconf 84' lang='grc' dir='ltr'>καλὸς</span> <span class='ocrx_word' id='word_1_27' title='bbox 457 1155 522 1244; x_wconf 89' lang='grc' dir='ltr'>ούθ’</span> <span class='ocrx_word' id='word_1_28' title='bbox 540 1168 633 1258; x_wconf 80' lang='grc' dir='ltr'>ἄξιος</span> <span class='ocrx_word' id='word_1_29' title='bbox 650 1168 921 1266; x_wconf 74' lang='grc' dir='ltr'>ἐγκωμιάζεσθαι,</span> <span class='ocrx_word' id='word_1_30' title='bbox 949 1168 1021 1242; x_wconf 78' lang='grc' dir='ltr'>ἀλλ’</span> <span class='ocrx_word' id='word_1_31' title='bbox 1040 1166 1055 1243; x_wconf 86' lang='grc' dir='ltr'>ὁ</span> <span class='ocrx_word' id='word_1_32' title='bbox 1075 1172 1187 1255; x_wconf 86' lang='grc' dir='ltr'>καλῶς</span> <span class='ocrx_word' id='word_1_33' title='bbox 1203 1175 1387 1266; x_wconf 73' lang='grc' dir='ltr'>προτρέπων</span> <span class='ocrx_word' id='word_1_34' title='bbox 1405 1173 1491 1265; x_wconf 82' lang='grc' dir='ltr'>ἐρᾶν.</span> 
     </span>
     <span class='ocr_line' id='line_1_5' title="bbox 412 1291 1493 1395; baseline -0.008 -20"><span class='ocrx_word' id='word_1_35' title='bbox 412 1300 468 1375; x_wconf 87' lang='grc' dir='ltr'>ΙΧ.</span> <span class='ocrx_word' id='word_1_36' title='bbox 506 1296 548 1372; x_wconf 89' lang='lat'>‘0</span> <span class='ocrx_word' id='word_1_37' title='bbox 569 1301 625 1394; x_wconf 79' lang='grc' dir='ltr'>μὲν</span> <span class='ocrx_word' id='word_1_38' title='bbox 642 1291 697 1371; x_wconf 90' lang='grc' dir='ltr'>ούν</span> <span class='ocrx_word' id='word_1_39' title='bbox 716 1305 779 1393; x_wconf 88' lang='grc' dir='ltr'>τής</span> <span class='ocrx_word' id='word_1_40' title='bbox 798 1296 971 1392; x_wconf 75' lang='grc' dir='ltr'>πανδήμου</span> <span class='ocrx_word' id='word_1_41' title='bbox 986 1296 1184 1395; x_wconf 83' lang='grc' dir='ltr'>Ἀφροδίτης</span> <span class='ocrx_word' id='word_1_42' title='bbox 1201 1294 1245 1383; x_wconf 82' lang='grc' dir='ltr'>ῶς</span> <span class='ocrx_word' id='word_1_43' title='bbox 1263 1294 1393 1394; x_wconf 85' lang='grc' dir='ltr'>άληθῶς</span> <span class='ocrx_word' id='word_1_44' title='bbox 1410 1292 1493 1368; x_wconf 92' lang='grc' dir='ltr'>πάν-</span> 
     </span>
     <span class='ocr_line' id='line_1_6' title="bbox 335 1417 1491 1524; baseline -0.004 -23"><span class='ocrx_word' id='word_1_45' title='bbox 335 1424 440 1521; x_wconf 84' lang='grc' dir='ltr'>δημύς</span> <span class='ocrx_word' id='word_1_46' title='bbox 463 1431 533 1501; x_wconf 85' lang='grc' dir='ltr'>έστι</span> <span class='ocrx_word' id='word_1_47' title='bbox 550 1429 609 1500; x_wconf 86' lang='grc' dir='ltr'>καὶ</span> <span class='ocrx_word' id='word_1_48' title='bbox 626 1424 837 1524; x_wconf 68' lang='grc' dir='ltr'>ἐξεργάζεται</span> <span class='ocrx_word' id='word_1_49' title='bbox 855 1425 872 1500; x_wconf 80' lang='grc' dir='ltr'>θ’</span> <span class='ocrx_word' id='word_1_50' title='bbox 890 1455 923 1499; x_wconf 90' lang='grc' dir='ltr'>τι</span> <span class='ocrx_word' id='word_1_51' title='bbox 940 1424 983 1499; x_wconf 80' lang='grc' dir='ltr'>σίν</span> <span class='ocrx_word' id='word_1_52' title='bbox 1003 1424 1104 1521; x_wconf 86' lang='grc' dir='ltr'>τύχη·</span> <span class='ocrx_word' id='word_1_53' title='bbox 1132 1428 1192 1498; x_wconf 90' lang='grc' dir='ltr'>καὶ</span> <span class='ocrx_word' id='word_1_54' title='bbox 1212 1417 1309 1510; x_wconf 83' lang='grc' dir='ltr'>ούτός</span> <span class='ocrx_word' id='word_1_55' title='bbox 1326 1430 1430 1514; x_wconf 76' lang='grc' dir='ltr'>ἐστιν,</span> <span class='ocrx_word' id='word_1_56' title='bbox 1458 1421 1491 1496; x_wconf 79' lang='grc' dir='ltr'>ὃν</span> 
     </span>
     <span class='ocr_line' id='line_1_7' title="bbox 336 1552 1517 1653; baseline -0.006 -23"><span class='ocrx_word' id='word_1_57' title='bbox 336 1558 506 1653; x_wconf 76' lang='grc' dir='ltr'>οἱφαῦλοι</span> <span class='ocrx_word' id='word_1_58' title='bbox 527 1561 591 1629; x_wconf 88' lang='grc' dir='ltr'>τῶν</span> <span class='ocrx_word' id='word_1_59' title='bbox 609 1552 782 1653; x_wconf 84' lang='grc' dir='ltr'>οἱνθρῶπων</span> <span class='ocrx_word' id='word_1_60' title='bbox 802 1560 923 1652; x_wconf 83' lang='grc' dir='ltr'>ἐρῶσιν.</span> <span class='ocrx_word' id='word_1_61' title='bbox 977 1560 1073 1653; x_wconf 82' lang='grc' dir='ltr'>ἐρῶσι</span> <span class='ocrx_word' id='word_1_62' title='bbox 1092 1552 1120 1627; x_wconf 92' lang='grc' dir='ltr'>δ’</span> <span class='ocrx_word' id='word_1_63' title='bbox 1146 1558 1174 1627; x_wconf 90' lang='grc' dir='ltr'>οί</span> <span class='ocrx_word' id='word_1_64' title='bbox 1199 1559 1340 1627; x_wconf 86' lang='grc' dir='ltr'>τοιοῦτοι</span> <span class='ocrx_word' id='word_1_65' title='bbox 1366 1559 1517 1650; x_wconf 83' lang='grc' dir='ltr'>πρῶτονι</span> 
     </span>
     <span class='ocr_line' id='line_1_8' title="bbox 337 1674 1492 1779; baseline -0.003 -23"><span class='ocrx_word' id='word_1_66' title='bbox 337 1686 395 1778; x_wconf 80' lang='grc' dir='ltr'>μὲν</span> <span class='ocrx_word' id='word_1_67' title='bbox 416 1681 474 1779; x_wconf 90' lang='grc' dir='ltr'>ούχ</span> <span class='ocrx_word' id='word_1_68' title='bbox 496 1675 596 1776; x_wconf 86' lang='grc' dir='ltr'>ήττον</span> <span class='ocrx_word' id='word_1_69' title='bbox 621 1690 784 1778; x_wconf 88' lang='grc' dir='ltr'>γυναικῶν</span> <span class='ocrx_word' id='word_1_70' title='bbox 808 1682 831 1778; x_wconf 86' lang='grc' dir='ltr'>ή</span> <span class='ocrx_word' id='word_1_71' title='bbox 857 1686 1001 1774; x_wconf 77' lang='grc' dir='ltr'>παίδων,</span> <span class='ocrx_word' id='word_1_72' title='bbox 1036 1680 1130 1756; x_wconf 81' lang='grc' dir='ltr'>ἔπειθ</span> <span class='ocrx_word' id='word_1_73' title='bbox 1155 1674 1196 1756; x_wconf 85' lang='grc' dir='ltr'>ῶν</span> <span class='ocrx_word' id='word_1_74' title='bbox 1223 1684 1284 1755; x_wconf 88' lang='grc' dir='ltr'>καὶ</span> <span class='ocrx_word' id='word_1_75' title='bbox 1306 1686 1402 1778; x_wconf 80' lang='grc' dir='ltr'>ἐρῶσι</span> <span class='ocrx_word' id='word_1_76' title='bbox 1427 1684 1492 1753; x_wconf 89' lang='grc' dir='ltr'>τῶν</span> 
     </span>
     <span class='ocr_line' id='line_1_9' title="bbox 337 1806 1492 1910; baseline -0.003 -25"><span class='ocrx_word' id='word_1_77' title='bbox 337 1810 499 1907; x_wconf 88' lang='grc' dir='ltr'>σωμάτων</span> <span class='ocrx_word' id='word_1_78' title='bbox 520 1817 645 1907; x_wconf 80' lang='grc' dir='ltr'>μᾶλλον</span> <span class='ocrx_word' id='word_1_79' title='bbox 660 1810 683 1904; x_wconf 84' lang='grc' dir='ltr'>ή</span> <span class='ocrx_word' id='word_1_80' title='bbox 699 1817 763 1884; x_wconf 91' lang='grc' dir='ltr'>τῶν</span> <span class='ocrx_word' id='word_1_81' title='bbox 783 1814 914 1910; x_wconf 78' lang='grc' dir='ltr'>ψυχῶν,</span> <span class='ocrx_word' id='word_1_82' title='bbox 942 1809 1036 1885; x_wconf 81' lang='grc' dir='ltr'>ἔπειθ’</span> <span class='ocrx_word' id='word_1_83' title='bbox 1058 1809 1102 1899; x_wconf 84' lang='grc' dir='ltr'>ῶς</span> <span class='ocrx_word' id='word_1_84' title='bbox 1120 1810 1162 1884; x_wconf 79' lang='grc' dir='ltr'>σίν</span> <span class='ocrx_word' id='word_1_85' title='bbox 1180 1808 1340 1884; x_wconf 85' lang='grc' dir='ltr'>δύνωνται</span> <span class='ocrx_word' id='word_1_86' title='bbox 1356 1806 1492 1902; x_wconf 77' lang='grc' dir='ltr'>άνοητο·</span> 
     </span>
     <span class='ocr_line' id='line_1_10' title="bbox 337 1936 1493 2037; baseline -0.004 -23"><span class='ocrx_word' id='word_1_87' title='bbox 337 1937 465 2029; x_wconf 87' lang='grc' dir='ltr'>τάτων,</span> <span class='ocrx_word' id='word_1_88' title='bbox 493 1937 570 2037; x_wconf 82' lang='grc' dir='ltr'>πρὸς</span> <span class='ocrx_word' id='word_1_89' title='bbox 587 1938 624 2013; x_wconf 83' lang='grc' dir='ltr'>τὸ</span> <span class='ocrx_word' id='word_1_90' title='bbox 644 1938 891 2037; x_wconf 81' lang='grc' dir='ltr'>διαπράξασθαι</span> <span class='ocrx_word' id='word_1_91' title='bbox 910 1939 1002 2035; x_wconf 78' lang='grc' dir='ltr'>μόνον</span> <span class='ocrx_word' id='word_1_92' title='bbox 1027 1945 1215 2033; x_wconf 85' lang='grc' dir='ltr'>βλέποντες,</span> <span class='ocrx_word' id='word_1_93' title='bbox 1242 1936 1440 2033; x_wconf 76' lang='grc' dir='ltr'>ἀμελοῦντες</span> <span class='ocrx_word' id='word_1_94' title='bbox 1457 1940 1493 2010; x_wconf 88' lang='grc' dir='ltr'>δὲ</span> 
     </span>
     <span class='ocr_line' id='line_1_11' title="bbox 337 2064 1492 2163; baseline -0.004 -21"><span class='ocrx_word' id='word_1_95' title='bbox 337 2075 398 2142; x_wconf 91' lang='grc' dir='ltr'>τοῦ</span> <span class='ocrx_word' id='word_1_96' title='bbox 415 2073 528 2156; x_wconf 89' lang='grc' dir='ltr'>καλῶς</span> <span class='ocrx_word' id='word_1_97' title='bbox 550 2067 573 2163; x_wconf 83' lang='grc' dir='ltr'>ή</span> <span class='ocrx_word' id='word_1_98' title='bbox 600 2066 656 2162; x_wconf 90' lang='grc' dir='ltr'>μή.</span> <span class='ocrx_word' id='word_1_99' title='bbox 710 2067 778 2141; x_wconf 69' lang='grc' dir='ltr'>ὅθεν</span> <span class='ocrx_word' id='word_1_100' title='bbox 801 2067 843 2162; x_wconf 92' lang='grc' dir='ltr'>δή</span> <span class='ocrx_word' id='word_1_101' title='bbox 868 2069 1036 2162; x_wconf 80' lang='grc' dir='ltr'>ξυμβαίνει</span> <span class='ocrx_word' id='word_1_102' title='bbox 1056 2066 1185 2155; x_wconf 86' lang='grc' dir='ltr'>αύτοίς,</span> <span class='ocrx_word' id='word_1_103' title='bbox 1213 2066 1280 2141; x_wconf 75' lang='grc' dir='ltr'>ὅτι</span> <span class='ocrx_word' id='word_1_104' title='bbox 1297 2065 1337 2139; x_wconf 81' lang='grc' dir='ltr'>άν</span> <span class='ocrx_word' id='word_1_105' title='bbox 1359 2064 1492 2160; x_wconf 92' lang='grc' dir='ltr'>τύχωσι,</span> 
     </span>
     <span class='ocr_line' id='line_1_12' title="bbox 337 2192 1515 2295; baseline -0.002 -26"><span class='ocrx_word' id='word_1_106' title='bbox 337 2200 436 2271; x_wconf 86' lang='grc' dir='ltr'>τοῦτο</span> <span class='ocrx_word' id='word_1_107' title='bbox 453 2194 618 2295; x_wconf 85' lang='grc' dir='ltr'>πράττειν,</span> <span class='ocrx_word' id='word_1_108' title='bbox 640 2194 756 2291; x_wconf 85' lang='grc' dir='ltr'>ὁμοίως</span> <span class='ocrx_word' id='word_1_109' title='bbox 774 2199 830 2290; x_wconf 82' lang='grc' dir='ltr'>μὲν</span> <span class='ocrx_word' id='word_1_110' title='bbox 848 2192 984 2291; x_wconf 88' lang='grc' dir='ltr'>οίγαθύν,</span> <span class='ocrx_word' id='word_1_111' title='bbox 1006 2194 1122 2289; x_wconf 85' lang='grc' dir='ltr'>ὁμοίως</span> <span class='ocrx_word' id='word_1_112' title='bbox 1139 2200 1176 2269; x_wconf 85' lang='grc' dir='ltr'>δὲ</span> <span class='ocrx_word' id='word_1_113' title='bbox 1191 2194 1387 2271; x_wconf 90' lang='grc' dir='ltr'>τούναντίον.</span> <span class='ocrx_word' id='word_1_114' title='bbox 1424 2199 1515 2267; x_wconf 76' lang='grc' dir='ltr'>ἔστιν</span> 
     </span>
     <span class='ocr_line' id='line_1_13' title="bbox 336 2323 1492 2422; baseline -0.003 -23"><span class='ocrx_word' id='word_1_115' title='bbox 336 2325 403 2422; x_wconf 80' lang='grc' dir='ltr'>γάρ</span> <span class='ocrx_word' id='word_1_116' title='bbox 426 2327 486 2398; x_wconf 80' lang='grc' dir='ltr'>καί</span> <span class='ocrx_word' id='word_1_117' title='bbox 505 2323 572 2399; x_wconf 80' lang='grc' dir='ltr'>άπὸ</span> <span class='ocrx_word' id='word_1_118' title='bbox 597 2332 659 2419; x_wconf 88' lang='grc' dir='ltr'>τής</span> <span class='ocrx_word' id='word_1_119' title='bbox 680 2329 750 2397; x_wconf 92' lang='grc' dir='ltr'>θεοῦ</span> <span class='ocrx_word' id='word_1_120' title='bbox 773 2331 932 2421; x_wconf 87' lang='grc' dir='ltr'>νεωτέρας</span> <span class='ocrx_word' id='word_1_121' title='bbox 950 2323 977 2399; x_wconf 90' lang='grc' dir='ltr'>τ’</span> <span class='ocrx_word' id='word_1_122' title='bbox 998 2323 1102 2418; x_wconf 89' lang='grc' dir='ltr'>ούσης</span> <span class='ocrx_word' id='word_1_123' title='bbox 1128 2323 1211 2398; x_wconf 87' lang='grc' dir='ltr'>πολύ</span> <span class='ocrx_word' id='word_1_124' title='bbox 1235 2323 1258 2415; x_wconf 82' lang='grc' dir='ltr'>ή</span> <span class='ocrx_word' id='word_1_125' title='bbox 1285 2333 1346 2419; x_wconf 79' lang='grc' dir='ltr'>τῆς</span> <span class='ocrx_word' id='word_1_126' title='bbox 1370 2328 1492 2420; x_wconf 78' lang='grc' dir='ltr'>ἑτέρας,</span> 
     </span>
     <span class='ocr_line' id='line_1_14' title="bbox 336 2450 1579 2555; baseline -0.003 -28"><span class='ocrx_word' id='word_1_127' title='bbox 336 2456 399 2555; x_wconf 82' lang='grc' dir='ltr'>καὶ</span> <span class='ocrx_word' id='word_1_128' title='bbox 417 2450 616 2549; x_wconf 78' lang='grc' dir='ltr'>μετεχούσης</span> <span class='ocrx_word' id='word_1_129' title='bbox 632 2457 664 2525; x_wconf 84' lang='grc' dir='ltr'>έν</span> <span class='ocrx_word' id='word_1_130' title='bbox 683 2460 726 2549; x_wconf 72' lang='grc' dir='ltr'>τῇ</span> <span class='ocrx_word' id='word_1_131' title='bbox 741 2460 863 2549; x_wconf 81' lang='grc' dir='ltr'>γενέσει</span> <span class='ocrx_word' id='word_1_132' title='bbox 878 2457 938 2526; x_wconf 86' lang='grc' dir='ltr'>καὶ</span> <span class='ocrx_word' id='word_1_133' title='bbox 957 2452 1069 2545; x_wconf 79' lang='grc' dir='ltr'>θήλεος</span> <span class='ocrx_word' id='word_1_134' title='bbox 1086 2456 1146 2526; x_wconf 82' lang='grc' dir='ltr'>καὶ</span> <span class='ocrx_word' id='word_1_135' title='bbox 1162 2450 1302 2550; x_wconf 87' lang='grc' dir='ltr'>σ’ίρρενος.</span> <span class='ocrx_word' id='word_1_136' title='bbox 1346 2450 1361 2525; x_wconf 83' lang='grc' dir='ltr'>ὁ</span> <span class='ocrx_word' id='word_1_137' title='bbox 1379 2455 1416 2524; x_wconf 82' lang='grc' dir='ltr'>δέ</span> <span class='ocrx_word' id='word_1_138' title='bbox 1432 2458 1494 2544; x_wconf 83' lang='grc' dir='ltr'>της</span> <span class='ocrx_word' id='word_1_139' title='bbox 1573 2540 1579 2548; x_wconf 14' lang='lat' dir='ltr'>N</span> 
     </span>
     <span class='ocr_line' id='line_1_15' title="bbox 339 2575 1491 2680; baseline -0.003 -23"><span class='ocrx_word' id='word_1_140' title='bbox 339 2580 496 2680; x_wconf 89' lang='grc' dir='ltr'>ούρανίας</span> <span class='ocrx_word' id='word_1_141' title='bbox 518 2586 644 2678; x_wconf 89' lang='grc' dir='ltr'>πρῶτον</span> <span class='ocrx_word' id='word_1_142' title='bbox 670 2585 727 2676; x_wconf 88' lang='grc' dir='ltr'>μὲν</span> <span class='ocrx_word' id='word_1_143' title='bbox 753 2579 791 2655; x_wconf 89' lang='grc' dir='ltr'>ου’</span> <span class='ocrx_word' id='word_1_144' title='bbox 812 2580 1011 2676; x_wconf 88' lang='grc' dir='ltr'>μετεχούσης</span> <span class='ocrx_word' id='word_1_145' title='bbox 1031 2580 1161 2675; x_wconf 78' lang='grc' dir='ltr'>θήλεος,</span> <span class='ocrx_word' id='word_1_146' title='bbox 1189 2578 1262 2655; x_wconf 77' lang='grc' dir='ltr'>ἀλλ’</span> <span class='ocrx_word' id='word_1_147' title='bbox 1285 2580 1415 2678; x_wconf 82' lang='grc' dir='ltr'>ἄρρενος</span> <span class='ocrx_word' id='word_1_148' title='bbox 1436 2575 1491 2673; x_wconf 82' lang='grc' dir='ltr'>μύ·</span> 
     </span>
     <span class='ocr_line' id='line_1_16' title="bbox 339 2702 1493 2813; baseline -0.002 -30"><span class='ocrx_word' id='word_1_149' title='bbox 339 2738 391 2783; x_wconf 92' lang='grc' dir='ltr'>νον</span> <span class='ocrx_word' id='word_1_150' title='bbox 419 2705 494 2813; x_wconf 82' lang='grc' dir='ltr'>[καὶ</span> <span class='ocrx_word' id='word_1_151' title='bbox 519 2715 606 2783; x_wconf 77' lang='grc' dir='ltr'>ἔστιν</span> <span class='ocrx_word' id='word_1_152' title='bbox 627 2702 721 2797; x_wconf 88' lang='grc' dir='ltr'>ούτος</span> <span class='ocrx_word' id='word_1_153' title='bbox 745 2708 760 2784; x_wconf 87' lang='grc' dir='ltr'>ὁ</span> <span class='ocrx_word' id='word_1_154' title='bbox 780 2718 843 2783; x_wconf 88' lang='grc' dir='ltr'>τῶν</span> <span class='ocrx_word' id='word_1_155' title='bbox 863 2714 988 2783; x_wconf 78' lang='grc' dir='ltr'>παίδων</span> <span class='ocrx_word' id='word_1_156' title='bbox 1008 2708 1102 2808; x_wconf 79' lang='grc' dir='ltr'>ἔρως]</span> <span class='ocrx_word' id='word_1_157' title='bbox 1126 2715 1240 2783; x_wconf 81' lang='grc' dir='ltr'>ἔπειτα</span> <span class='ocrx_word' id='word_1_158' title='bbox 1262 2714 1493 2808; x_wconf 72' lang='grc' dir='ltr'>πρεσβυτέρας,</span> 
     </span>
     <span class='ocr_line' id='line_1_17' title="bbox 340 2834 1576 2941; baseline -0.003 -27"><span class='ocrx_word' id='word_1_159' title='bbox 340 2838 460 2938; x_wconf 84' lang='grc' dir='ltr'>ύβρεως</span> <span class='ocrx_word' id='word_1_160' title='bbox 478 2838 623 2937; x_wconf 85' lang='grc' dir='ltr'>άμοιρος.</span> <span class='ocrx_word' id='word_1_161' title='bbox 676 2838 744 2914; x_wconf 80' lang='grc' dir='ltr'>ὅθεν</span> <span class='ocrx_word' id='word_1_162' title='bbox 765 2837 806 2934; x_wconf 90' lang='grc' dir='ltr'>δή</span> <span class='ocrx_word' id='word_1_163' title='bbox 828 2841 881 2912; x_wconf 79' lang='grc' dir='ltr'>ἐπὶ</span> <span class='ocrx_word' id='word_1_164' title='bbox 897 2838 934 2913; x_wconf 82' lang='grc' dir='ltr'>τὸ</span> <span class='ocrx_word' id='word_1_165' title='bbox 949 2837 1045 2937; x_wconf 86' lang='grc' dir='ltr'>άρρεν</span> <span class='ocrx_word' id='word_1_166' title='bbox 1066 2845 1239 2937; x_wconf 88' lang='grc' dir='ltr'>τρέπονται</span> <span class='ocrx_word' id='word_1_167' title='bbox 1258 2841 1286 2912; x_wconf 88' lang='grc' dir='ltr'>σί</span> <span class='ocrx_word' id='word_1_168' title='bbox 1312 2843 1350 2910; x_wconf 87' lang='grc' dir='ltr'>έκ</span> <span class='ocrx_word' id='word_1_169' title='bbox 1375 2834 1494 2911; x_wconf 90' lang='grc' dir='ltr'>τούτου</span> <span class='ocrx_word' id='word_1_170' title='bbox 1574 2939 1576 2941; x_wconf 70' lang='lat'><em>.</em></span> 
     </span>
     <span class='ocr_line' id='line_1_18' title="bbox 341 2966 1494 3066; baseline -0.004 -24"><span class='ocrx_word' id='word_1_171' title='bbox 341 2972 402 3042; x_wconf 88' lang='grc' dir='ltr'>τοῦ</span> <span class='ocrx_word' id='word_1_172' title='bbox 420 2973 536 3066; x_wconf 78' lang='grc' dir='ltr'>ἔρωτος</span> <span class='ocrx_word' id='word_1_173' title='bbox 555 2974 698 3059; x_wconf 85' lang='grc' dir='ltr'>έπιπνσι,</span> <span class='ocrx_word' id='word_1_174' title='bbox 724 2967 762 3042; x_wconf 85' lang='grc' dir='ltr'>τὸ</span> <span class='ocrx_word' id='word_1_175' title='bbox 786 2966 882 3066; x_wconf 84' lang='grc' dir='ltr'>φύσει</span> <span class='ocrx_word' id='word_1_176' title='bbox 906 2973 1169 3066; x_wconf 79' lang='grc' dir='ltr'>ἐρρωμενέστερον</span> <span class='ocrx_word' id='word_1_177' title='bbox 1189 2970 1249 3040; x_wconf 83' lang='grc' dir='ltr'>καὶ</span> <span class='ocrx_word' id='word_1_178' title='bbox 1269 2970 1343 3040; x_wconf 92' lang='grc' dir='ltr'>νοῦν</span> <span class='ocrx_word' id='word_1_179' title='bbox 1368 2971 1494 3058; x_wconf 86' lang='grc' dir='ltr'>μαλλον</span> 
     </span>
     <span class='ocr_line' id='line_1_19' title="bbox 342 3080 1495 3193; baseline -0.005 -22"><span class='ocrx_word' id='word_1_180' title='bbox 342 3102 412 3192; x_wconf 78' lang='grc' dir='ltr'>ἔχον</span> <span class='ocrx_word' id='word_1_181' title='bbox 428 3080 632 3193; x_wconf 79' lang='grc' dir='ltr'>ἀγαπῶντες.</span> <span class='ocrx_word' id='word_1_182' title='bbox 673 3100 734 3170; x_wconf 91' lang='grc' dir='ltr'>καί</span> <span class='ocrx_word' id='word_1_183' title='bbox 748 3125 799 3184; x_wconf 88' lang='grc' dir='ltr'>τις</span> <span class='ocrx_word' id='word_1_184' title='bbox 812 3095 854 3170; x_wconf 83' lang='grc' dir='ltr'>σίν</span> <span class='ocrx_word' id='word_1_185' title='bbox 871 3092 962 3191; x_wconf 89' lang='grc' dir='ltr'>γνοίη</span> <span class='ocrx_word' id='word_1_186' title='bbox 981 3098 1041 3168; x_wconf 87' lang='grc' dir='ltr'>καὶ</span> <span class='ocrx_word' id='word_1_187' title='bbox 1058 3101 1089 3168; x_wconf 86' lang='grc' dir='ltr'>έν</span> <span class='ocrx_word' id='word_1_188' title='bbox 1107 3092 1197 3189; x_wconf 79' lang='grc' dir='ltr'>οιύιή</span> <span class='ocrx_word' id='word_1_189' title='bbox 1214 3102 1258 3190; x_wconf 73' lang='grc' dir='ltr'>τῇ</span> <span class='ocrx_word' id='word_1_190' title='bbox 1274 3096 1495 3191; x_wconf 80' lang='grc' dir='ltr'>παιδεραστίηι</span> 
     </span>
     <span class='ocr_line' id='line_1_20' title="bbox 342 3218 1495 3323; baseline -0.004 -24"><span class='ocrx_word' id='word_1_191' title='bbox 342 3223 419 3312; x_wconf 89' lang='grc' dir='ltr'>τούς</span> <span class='ocrx_word' id='word_1_192' title='bbox 443 3228 618 3323; x_wconf 80' lang='grc' dir='ltr'>εἰλικρινῶς</span> <span class='ocrx_word' id='word_1_193' title='bbox 641 3224 704 3300; x_wconf 83' lang='grc' dir='ltr'>ύπθ</span> <span class='ocrx_word' id='word_1_194' title='bbox 730 3225 848 3299; x_wconf 91' lang='grc' dir='ltr'>τούτου</span> <span class='ocrx_word' id='word_1_195' title='bbox 868 3232 927 3298; x_wconf 84' lang='grc' dir='ltr'>τοῦ</span> <span class='ocrx_word' id='word_1_196' title='bbox 955 3229 1072 3322; x_wconf 83' lang='grc' dir='ltr'>ἔρωτος</span> <span class='ocrx_word' id='word_1_197' title='bbox 1097 3221 1314 3321; x_wconf 78' lang='grc' dir='ltr'>ὡρμημένους.</span> <span class='ocrx_word' id='word_1_198' title='bbox 1367 3218 1405 3296; x_wconf 87' lang='grc' dir='ltr'>ού</span> <span class='ocrx_word' id='word_1_199' title='bbox 1430 3220 1495 3318; x_wconf 82' lang='grc' dir='ltr'>γὰρ</span> 
     </span>
     <span class='ocr_line' id='line_1_21' title="bbox 342 3351 1522 3451; baseline -0.003 -25"><span class='ocrx_word' id='word_1_200' title='bbox 342 3358 437 3451; x_wconf 87' lang='grc' dir='ltr'>έρῶσι</span> <span class='ocrx_word' id='word_1_201' title='bbox 453 3356 578 3427; x_wconf 87' lang='grc' dir='ltr'>παιδων</span> <span class='ocrx_word' id='word_1_202' title='bbox 598 3351 670 3428; x_wconf 77' lang='grc' dir='ltr'>ἀλλ’</span> <span class='ocrx_word' id='word_1_203' title='bbox 691 3353 714 3449; x_wconf 87' lang='grc' dir='ltr'>ή</span> <span class='ocrx_word' id='word_1_204' title='bbox 733 3352 863 3428; x_wconf 79' lang='grc' dir='ltr'>ἐπειδάν</span> <span class='ocrx_word' id='word_1_205' title='bbox 886 3352 954 3448; x_wconf 88' lang='grc' dir='ltr'>ήδη</span> <span class='ocrx_word' id='word_1_206' title='bbox 975 3352 1139 3450; x_wconf 85' lang='grc' dir='ltr'>άρχωνται</span> <span class='ocrx_word' id='word_1_207' title='bbox 1158 3356 1231 3425; x_wconf 91' lang='grc' dir='ltr'>νοῦν</span> <span class='ocrx_word' id='word_1_208' title='bbox 1256 3355 1371 3446; x_wconf 76' lang='grc' dir='ltr'>ἴσχειν·</span> <span class='ocrx_word' id='word_1_209' title='bbox 1397 3358 1522 3424; x_wconf 85' lang='grc' dir='ltr'>τοῦτοι</span> 
     </span>
     <span class='ocr_line' id='line_1_22' title="bbox 341 3479 1496 3581; baseline -0.004 -26"><span class='ocrx_word' id='word_1_210' title='bbox 341 3484 379 3556; x_wconf 84' lang='grc' dir='ltr'>δὲ</span> <span class='ocrx_word' id='word_1_211' title='bbox 395 3479 569 3575; x_wconf 83' lang='grc' dir='ltr'>πλησιάζει</span> <span class='ocrx_word' id='word_1_212' title='bbox 585 3490 632 3581; x_wconf 72' lang='grc' dir='ltr'>τῷ</span> <span class='ocrx_word' id='word_1_213' title='bbox 649 3480 858 3578; x_wconf 85' lang='grc' dir='ltr'>γενειάσκειν.</span> <span class='ocrx_word' id='word_1_214' title='bbox 903 3488 1206 3580; x_wconf 81' lang='grc' dir='ltr'>παρεσκευασμένοι</span> <span class='ocrx_word' id='word_1_215' title='bbox 1222 3479 1298 3579; x_wconf 89' lang='grc' dir='ltr'>γάρ,</span> <span class='ocrx_word' id='word_1_216' title='bbox 1326 3479 1426 3575; x_wconf 79' lang='grc' dir='ltr'>οἶμαι,</span> <span class='ocrx_word' id='word_1_217' title='bbox 1454 3483 1496 3551; x_wconf 73' lang='grc' dir='ltr'>εί·</span> 
     </span>
     <span class='ocr_line' id='line_1_23' title="bbox 343 3608 1497 3707; baseline -0.002 -25"><span class='ocrx_word' id='word_1_218' title='bbox 343 3611 394 3682; x_wconf 80' lang='grc' dir='ltr'>σίν</span> <span class='ocrx_word' id='word_1_219' title='bbox 414 3613 444 3682; x_wconf 88' lang='grc' dir='ltr'>οί</span> <span class='ocrx_word' id='word_1_220' title='bbox 463 3615 603 3684; x_wconf 77' lang='grc' dir='ltr'>ἐντεῦθεν</span> <span class='ocrx_word' id='word_1_221' title='bbox 623 3608 791 3707; x_wconf 83' lang='grc' dir='ltr'>άρχύμενοι</span> <span class='ocrx_word' id='word_1_222' title='bbox 814 3616 890 3707; x_wconf 81' lang='grc' dir='ltr'>έρᾶν</span> <span class='ocrx_word' id='word_1_223' title='bbox 909 3608 952 3698; x_wconf 87' lang='grc' dir='ltr'>ῶς</span> <span class='ocrx_word' id='word_1_224' title='bbox 976 3609 1030 3683; x_wconf 81' lang='grc' dir='ltr'>τὸν</span> <span class='ocrx_word' id='word_1_225' title='bbox 1056 3613 1121 3704; x_wconf 90' lang='grc' dir='ltr'>βίον</span> <span class='ocrx_word' id='word_1_226' title='bbox 1140 3609 1278 3682; x_wconf 86' lang='grc' dir='ltr'>ἅπαντα</span> <span class='ocrx_word' id='word_1_227' title='bbox 1297 3608 1497 3702; x_wconf 78' lang='grc' dir='ltr'>ξυνεσύμενοι</span> 
     </span>
     <span class='ocr_line' id='line_1_24' title="bbox 341 3733 1496 3834; baseline -0.002 -24"><span class='ocrx_word' id='word_1_228' title='bbox 341 3739 512 3834; x_wconf 78' lang='grc' dir='ltr'>καὶκοινῇ</span> <span class='ocrx_word' id='word_1_229' title='bbox 530 3737 797 3834; x_wconf 85' lang='grc' dir='ltr'>συμβιωσύμενοι,</span> <span class='ocrx_word' id='word_1_230' title='bbox 820 3736 891 3813; x_wconf 77' lang='grc' dir='ltr'>ἀλλ’</span> <span class='ocrx_word' id='word_1_231' title='bbox 911 3736 972 3812; x_wconf 92' lang='grc' dir='ltr'>ούκ</span> <span class='ocrx_word' id='word_1_232' title='bbox 989 3735 1261 3832; x_wconf 76' lang='grc' dir='ltr'>ἐξαπατήσαντες</span> <span class='ocrx_word' id='word_1_233' title='bbox 1276 3742 1307 3810; x_wconf 80' lang='grc' dir='ltr'>ἐν</span> <span class='ocrx_word' id='word_1_234' title='bbox 1325 3733 1496 3834; x_wconf 82' lang='grc' dir='ltr'>άφροσύνη</span> 
     </span>
     <span class='ocr_line' id='line_1_25' title="bbox 342 3862 1497 3963; baseline -0.003 -23"><span class='ocrx_word' id='word_1_235' title='bbox 342 3865 497 3960; x_wconf 77' lang='grc' dir='ltr'>λαβύντες</span> <span class='ocrx_word' id='word_1_236' title='bbox 512 3865 556 3955; x_wconf 89' lang='grc' dir='ltr'>ῶς</span> <span class='ocrx_word' id='word_1_237' title='bbox 571 3873 638 3940; x_wconf 85' lang='grc' dir='ltr'>νέον</span> <span class='ocrx_word' id='word_1_238' title='bbox 656 3865 952 3963; x_wconf 80' lang='grc' dir='ltr'>καταγελάσαντες</span> <span class='ocrx_word' id='word_1_239' title='bbox 968 3865 1157 3961; x_wconf 83' lang='grc' dir='ltr'>οἰχήσεσθαι</span> <span class='ocrx_word' id='word_1_240' title='bbox 1175 3863 1223 3940; x_wconf 82' lang='grc' dir='ltr'>ἐπ’</span> <span class='ocrx_word' id='word_1_241' title='bbox 1243 3864 1341 3938; x_wconf 79' lang='grc' dir='ltr'>ἄλλον</span> <span class='ocrx_word' id='word_1_242' title='bbox 1359 3862 1497 3960; x_wconf 82' lang='grc' dir='ltr'>ἀποτρέ-</span> 
     </span>
     <span class='ocr_line' id='line_1_26' title="bbox 342 3991 1543 4093; baseline -0.003 -25"><span class='ocrx_word' id='word_1_243' title='bbox 342 4017 460 4091; x_wconf 89' lang='grc' dir='ltr'>χοντες.</span> <span class='ocrx_word' id='word_1_244' title='bbox 512 4003 592 4092; x_wconf 85' lang='grc' dir='ltr'>χρήν</span> <span class='ocrx_word' id='word_1_245' title='bbox 610 3998 648 4070; x_wconf 85' lang='grc' dir='ltr'>δὲ</span> <span class='ocrx_word' id='word_1_246' title='bbox 667 3998 726 4069; x_wconf 91' lang='grc' dir='ltr'>καὶ</span> <span class='ocrx_word' id='word_1_247' title='bbox 751 3994 844 4089; x_wconf 81' lang='grc' dir='ltr'>νέμον</span> <span class='ocrx_word' id='word_1_248' title='bbox 869 3993 952 4068; x_wconf 86' lang='grc' dir='ltr'>είναι</span> <span class='ocrx_word' id='word_1_249' title='bbox 974 3994 1023 4090; x_wconf 87' lang='grc' dir='ltr'>μή</span> <span class='ocrx_word' id='word_1_250' title='bbox 1038 3999 1114 4093; x_wconf 81' lang='grc' dir='ltr'>ἐραν</span> <span class='ocrx_word' id='word_1_251' title='bbox 1129 3997 1272 4083; x_wconf 87' lang='grc' dir='ltr'>παιδων,</span> <span class='ocrx_word' id='word_1_252' title='bbox 1299 3996 1353 4066; x_wconf 80' lang='grc' dir='ltr'>θνα</span> <span class='ocrx_word' id='word_1_253' title='bbox 1379 3991 1425 4086; x_wconf 88' lang='grc' dir='ltr'>μή</span> <span class='ocrx_word' id='word_1_254' title='bbox 1452 3996 1499 4079; x_wconf 78' lang='grc' dir='ltr'>εἰς</span> <span class='ocrx_word' id='word_1_255' title='bbox 1541 4052 1543 4055; x_wconf 92' lang='grc'>.</span> 
     </span>
     <span class='ocr_line' id='line_1_27' title="bbox 342 4114 1520 4222; baseline -0.007 -26"><span class='ocrx_word' id='word_1_256' title='bbox 342 4121 466 4215; x_wconf 82' lang='grc' dir='ltr'>ἄδηλον</span> <span class='ocrx_word' id='word_1_257' title='bbox 485 4124 592 4218; x_wconf 88' lang='grc' dir='ltr'>πολλή</span> <span class='ocrx_word' id='word_1_258' title='bbox 610 4123 738 4219; x_wconf 86' lang='grc' dir='ltr'>σπουδή</span> <span class='ocrx_word' id='word_1_259' title='bbox 757 4121 971 4218; x_wconf 87' lang='grc' dir='ltr'>άνηλίσκετο·</span> <span class='ocrx_word' id='word_1_260' title='bbox 999 4123 1036 4198; x_wconf 82' lang='grc' dir='ltr'>τὸ</span> <span class='ocrx_word' id='word_1_261' title='bbox 1054 4122 1120 4221; x_wconf 81' lang='grc' dir='ltr'>γάρ</span> <span class='ocrx_word' id='word_1_262' title='bbox 1138 4129 1202 4196; x_wconf 90' lang='grc' dir='ltr'>τῶν</span> <span class='ocrx_word' id='word_1_263' title='bbox 1221 4123 1346 4195; x_wconf 80' lang='grc' dir='ltr'>παίδων</span> <span class='ocrx_word' id='word_1_264' title='bbox 1373 4114 1520 4222; x_wconf 76' lang='grc' dir='ltr'>[τέλος]ε</span> 
     </span>
     <span class='ocr_line' id='line_1_28' title="bbox 342 4248 1497 4353; baseline -0.003 -28"><span class='ocrx_word' id='word_1_265' title='bbox 342 4250 467 4346; x_wconf 79' lang='grc' dir='ltr'>ἄδηλον</span> <span class='ocrx_word' id='word_1_266' title='bbox 485 4250 514 4326; x_wconf 78' lang='grc' dir='ltr'>οἱ</span> <span class='ocrx_word' id='word_1_267' title='bbox 534 4259 674 4353; x_wconf 75' lang='grc' dir='ltr'>τελευτᾷ</span> <span class='ocrx_word' id='word_1_268' title='bbox 692 4256 817 4338; x_wconf 78' lang='grc' dir='ltr'>κακίας</span> <span class='ocrx_word' id='word_1_269' title='bbox 840 4255 899 4325; x_wconf 88' lang='grc' dir='ltr'>καὶ</span> <span class='ocrx_word' id='word_1_270' title='bbox 923 4249 1047 4347; x_wconf 87' lang='grc' dir='ltr'>οἰρετής</span> <span class='ocrx_word' id='word_1_271' title='bbox 1069 4255 1177 4350; x_wconf 78' lang='grc' dir='ltr'>ψυχῆς</span> <span class='ocrx_word' id='word_1_272' title='bbox 1198 4279 1235 4324; x_wconf 89' lang='grc' dir='ltr'>τε</span> <span class='ocrx_word' id='word_1_273' title='bbox 1259 4257 1330 4346; x_wconf 84' lang='grc' dir='ltr'>πέρι</span> <span class='ocrx_word' id='word_1_274' title='bbox 1352 4252 1413 4322; x_wconf 81' lang='grc' dir='ltr'>καὶ</span> <span class='ocrx_word' id='word_1_275' title='bbox 1436 4248 1497 4322; x_wconf 85' lang='grc' dir='ltr'>σῶ-</span> 
     </span>
     <span class='ocr_line' id='line_1_29' title="bbox 343 4375 1497 4477; baseline -0.006 -22"><span class='ocrx_word' id='word_1_276' title='bbox 343 4409 458 4477; x_wconf 90' lang='grc' dir='ltr'>ματος.</span> <span class='ocrx_word' id='word_1_277' title='bbox 505 4385 535 4454; x_wconf 88' lang='grc' dir='ltr'>οί</span> <span class='ocrx_word' id='word_1_278' title='bbox 552 4385 608 4474; x_wconf 83' lang='grc' dir='ltr'>μὲν</span> <span class='ocrx_word' id='word_1_279' title='bbox 625 4375 679 4455; x_wconf 91' lang='grc' dir='ltr'>ούν</span> <span class='ocrx_word' id='word_1_280' title='bbox 697 4378 817 4475; x_wconf 86' lang='grc' dir='ltr'>α’γαθοὶ</span> <span class='ocrx_word' id='word_1_281' title='bbox 837 4379 892 4454; x_wconf 81' lang='grc' dir='ltr'>τὸν</span> <span class='ocrx_word' id='word_1_282' title='bbox 910 4378 1005 4473; x_wconf 80' lang='grc' dir='ltr'>νέμον</span> <span class='ocrx_word' id='word_1_283' title='bbox 1024 4386 1139 4453; x_wconf 87' lang='grc' dir='ltr'>τοῦτον</span> <span class='ocrx_word' id='word_1_284' title='bbox 1160 4376 1258 4453; x_wconf 86' lang='grc' dir='ltr'>αύτοὶ</span> <span class='ocrx_word' id='word_1_285' title='bbox 1276 4376 1390 4464; x_wconf 82' lang='grc' dir='ltr'>αύτοίς</span> <span class='ocrx_word' id='word_1_286' title='bbox 1410 4375 1497 4451; x_wconf 82' lang='grc' dir='ltr'>έκῦν-</span> 
     </span>
     <span class='ocr_line' id='line_1_30' title="bbox 342 4505 1498 4608; baseline -0.004 -24"><span class='ocrx_word' id='word_1_287' title='bbox 342 4539 400 4598; x_wconf 88' lang='grc' dir='ltr'>τες</span> <span class='ocrx_word' id='word_1_288' title='bbox 423 4513 579 4600; x_wconf 82' lang='grc' dir='ltr'>τίθενται,</span> <span class='ocrx_word' id='word_1_289' title='bbox 613 4517 691 4608; x_wconf 80' lang='grc' dir='ltr'>χρῆν</span> <span class='ocrx_word' id='word_1_290' title='bbox 718 4512 840 4583; x_wconf 79' lang='grc' dir='ltr'>δὲκαὶ</span> <span class='ocrx_word' id='word_1_291' title='bbox 867 4506 1004 4595; x_wconf 88' lang='grc' dir='ltr'>τούτους</span> <span class='ocrx_word' id='word_1_292' title='bbox 1031 4506 1108 4594; x_wconf 86' lang='grc' dir='ltr'>τούς</span> <span class='ocrx_word' id='word_1_293' title='bbox 1134 4506 1327 4601; x_wconf 91' lang='grc' dir='ltr'>πανδήμους</span> <span class='ocrx_word' id='word_1_294' title='bbox 1351 4505 1498 4604; x_wconf 81' lang='grc' dir='ltr'>ἐραστάς</span> 
     </span>
     <span class='ocr_line' id='line_1_31' title="bbox 343 4636 1498 4737; baseline -0.003 -25"><span class='ocrx_word' id='word_1_295' title='bbox 343 4637 628 4737; x_wconf 87' lang='grc' dir='ltr'>προσαναγκάζειν</span> <span class='ocrx_word' id='word_1_296' title='bbox 650 4637 689 4712; x_wconf 84' lang='grc' dir='ltr'>τὸ</span> <span class='ocrx_word' id='word_1_297' title='bbox 709 4645 872 4727; x_wconf 85' lang='grc' dir='ltr'>τοιοῦτον,</span> <span class='ocrx_word' id='word_1_298' title='bbox 900 4636 1007 4732; x_wconf 89' lang='grc' dir='ltr'>ῶσπερ</span> <span class='ocrx_word' id='word_1_299' title='bbox 1029 4639 1090 4709; x_wconf 85' lang='grc' dir='ltr'>καὶ</span> <span class='ocrx_word' id='word_1_300' title='bbox 1114 4643 1177 4709; x_wconf 91' lang='grc' dir='ltr'>τῶν</span> <span class='ocrx_word' id='word_1_301' title='bbox 1199 4641 1370 4734; x_wconf 80' lang='grc' dir='ltr'>ἐλευθέρων</span> <span class='ocrx_word' id='word_1_302' title='bbox 1386 4662 1498 4730; x_wconf 88' lang='grc' dir='ltr'>γυναι-</span> 
     </span>
     <span class='ocr_line' id='line_1_32' title="bbox 283 4755 1522 4865; baseline -0.003 -25"><span class='ocrx_word' id='word_1_303' title='bbox 283 4783 333 4832; x_wconf 72' lang='lat'>18²</span> <span class='ocrx_word' id='word_1_304' title='bbox 342 4773 409 4840; x_wconf 88' lang='grc' dir='ltr'>κῶν</span> <span class='ocrx_word' id='word_1_305' title='bbox 425 4763 738 4865; x_wconf 78' lang='grc' dir='ltr'>προσαναγκάζομεν</span> <span class='ocrx_word' id='word_1_306' title='bbox 756 4764 877 4853; x_wconf 85' lang='grc' dir='ltr'>αύτούς</span> <span class='ocrx_word' id='word_1_307' title='bbox 894 4764 969 4838; x_wconf 89' lang='grc' dir='ltr'>καθ’</span> <span class='ocrx_word' id='word_1_308' title='bbox 986 4765 1059 4838; x_wconf 78' lang='grc' dir='ltr'>ὅσον</span> <span class='ocrx_word' id='word_1_309' title='bbox 1076 4761 1243 4857; x_wconf 87' lang='grc' dir='ltr'>δυνάμεθα</span> <span class='ocrx_word' id='word_1_310' title='bbox 1258 4764 1304 4859; x_wconf 85' lang='grc' dir='ltr'>μή</span> <span class='ocrx_word' id='word_1_311' title='bbox 1323 4770 1410 4860; x_wconf 81' lang='grc' dir='ltr'>ἐραν.</span> <span class='ocrx_word' id='word_1_312' title='bbox 1445 4755 1522 4837; x_wconf 68' lang='grc' dir='ltr'>οῦ-νν</span> 
     </span>
    </p>
   </div>
   <div class='ocr_carea' id='block_1_3' title="bbox 342 4891 1497 4994">
    <p class='ocr_par' dir='ltr' id='par_1_3' title="bbox 342 4891 1497 4994">
     <span class='ocr_line' id='line_1_33' title="bbox 342 4891 1497 4994; baseline -0.01 -24"><span class='ocrx_word' id='word_1_313' title='bbox 342 4922 395 4970; x_wconf 93' lang='grc' dir='ltr'>τοι</span> <span class='ocrx_word' id='word_1_314' title='bbox 408 4894 474 4994; x_wconf 85' lang='grc' dir='ltr'>γάρ</span> <span class='ocrx_word' id='word_1_315' title='bbox 491 4900 569 4969; x_wconf 82' lang='grc' dir='ltr'>εἰσιν</span> <span class='ocrx_word' id='word_1_316' title='bbox 586 4899 614 4969; x_wconf 83' lang='grc' dir='ltr'>οἱ</span> <span class='ocrx_word' id='word_1_317' title='bbox 634 4897 695 4968; x_wconf 79' lang='grc' dir='ltr'>καὶ</span> <span class='ocrx_word' id='word_1_318' title='bbox 713 4893 750 4967; x_wconf 84' lang='grc' dir='ltr'>τθ</span> <span class='ocrx_word' id='word_1_319' title='bbox 769 4893 886 4981; x_wconf 81' lang='grc' dir='ltr'>θ’νειδος</span> <span class='ocrx_word' id='word_1_320' title='bbox 905 4891 1130 4986; x_wconf 78' lang='grc' dir='ltr'>πεποιηκότες,</span> <span class='ocrx_word' id='word_1_321' title='bbox 1158 4893 1242 4966; x_wconf 87' lang='grc' dir='ltr'>ῶστε</span> <span class='ocrx_word' id='word_1_322' title='bbox 1261 4891 1356 4978; x_wconf 85' lang='grc' dir='ltr'>τινοὶς</span> <span class='ocrx_word' id='word_1_323' title='bbox 1371 4897 1497 4984; x_wconf 72' lang='grc' dir='ltr'>τολμῶν</span> 
     </span>
    </p>
   </div>
   <div class='ocr_carea' id='block_1_4' title="bbox 0 0 1944 5700">
    <p class='ocr_par' dir='ltr' id='par_1_4' title="bbox 0 0 1944 5700">
     <span class='ocr_line' id='line_1_34' title="bbox 0 0 1944 5700; baseline 0 0"><span class='ocrx_word' id='word_1_324' title='bbox 0 0 1944 5700; x_wconf 95' lang='lat' dir='ltr'> </span> 
     </span>
    </p>
   </div>
  </div>
 </body>
</html>
