3850 5700
344 763 389 829 1v
562 805 563 812 ,
822 765 1024 813 rosnsarro.

346 916 437 952 σονται.
473 902 558 960 Itaque
577 915 651 962 supra
668 897 757 965 ἐπειδὴ
778 896 802 954 δ’
817 897 832 953 ἓ
848 898 968 966 γενέσθαι
986 902 1049 961 dedi,
1068 902 1134 949 etin
1153 903 1202 950 223
1220 892 1394 965 ualidissimo
1413 895 1505 953 εἰώθει

346 991 453 1047 ἔπεσθαι
476 996 577 1043 daturus
603 1010 664 1043 sum.
714 992 808 1046 πλέον
834 987 853 1059 ἦ
878 992 1084 1059 τρισμυρίοις
1106 1023 1139 1032 -
1181 997 1212 1043 cf.
1236 996 1329 1043 Bo'ckh.
1357 994 1418 1044 Oec.
1437 996 1504 1044 Pub.

344 1090 401 1137 Ath.
421 1093 444 1137 2.
464 1093 485 1138 7.

415 1185 471 1231 176.
505 1178 756 1249 πῶςέχειπρὸς
778 1177 812 1233 τὰ
838 1178 1007 1246 ἐρρῶσδαι
1029 1180 1132 1233 πίνειν
1151 1210 1191 1231 -.
1228 1182 1268 1230 Sic
1284 1182 1367 1243 Libri3
1398 1180 1504 1248 ορδερ-

345 1275 445 1340 putetur
463 1277 633 1337 expellendum
650 1277 713 1323 vidit
731 1275 848 1327 euectus.

415 1374 471 1420 177.
505 1365 538 1423 τὸ
558 1357 610 1421 οὖν
623 1396 653 1407 -
667 1356 702 1421 εὖ
720 1367 827 1433 λέγειν
845 1353 1000 1432 Φαῖδρος.
1036 1368 1176 1417 Sententiae
1194 1375 1342 1418 structuram
1357 1386 1409 1419 non
1427 1386 1504 1433 expe-

346 1466 398 1527 dio;
419 1480 478 1511 num
494 1465 625 1525 legendum
644 1460 749 1528 ψέγεινῖ
784 1461 900 1515 τουτωί
919 1490 950 1499 -
969 1464 1006 1510 Ita
1023 1464 1139 1523 rescripsi
1156 1477 1201 1523 pro
1219 1459 1310 1530 τούτῳ.

415 1562 472 1607 178.
507 1551 524 1609 di
548 1554 583 1609 δὲ
608 1552 752 1621 μάλιστα
770 1584 809 1606 -.
845 1557 923 1604 Valde
941 1557 1065 1603 turbatam
1082 1558 1229 1604 sententiam
1246 1559 1373 1619 composui
1391 1553 1505 1611 ἑκάστου

344 1655 371 1701 in
390 1650 487 1705 ἕκαστα
503 1658 611 1711 mutato,
630 1657 655 1699 et
666 1652 750 1699 verbis
768 1651 887 1709 iustitiis,
906 1646 949 1701 τᾶν
968 1647 1054 1715 λόγον,
1072 1651 1165 1698 recisis.
1206 1649 1302 1716 γονῆς
1319 1647 1379 1716 γάρ
1396 1644 1506 1717 Ἐρω-

345 1763 397 1804 τσς
416 1738 479 1798 οὔτ’
498 1743 582 1796 εἰσίν
601 1773 641 1795 -.
665 1747 770 1793 Prorsus
787 1746 931 1793 incredibile
949 1745 1010 1792 mihi
1025 1745 1124 1792 videtur
1141 1748 1192 1791 tam
1209 1750 1321 1804 apertum
1338 1748 1505 1807 mendacium,

263 1830 265 1835 ’
344 1844 458 1901 idemque
474 1842 511 1887 rei
527 1841 669 1900 probandae
687 1840 772 1887 inutile
789 1840 930 1886 Phaedrum
948 1840 1031 1885 induci
1052 1840 1226 1899 proferentem.
1267 1841 1296 1887 In
1314 1854 1389 1886 unam
1406 1846 1506 1889 tentum

345 1950 376 1984 ex
393 1935 443 1982 illis
461 1934 638 1993 antiquissimis
656 1934 749 1980 naturis
766 1935 813 1980 hoc
831 1933 946 1991 cadebat,
974 1938 1001 1979 ut
1024 1933 1133 1979 omnium
1156 1933 1278 1981 sententia
1298 1934 1445 1993 parentibus
1464 1950 1505 1983 ca-

346 2045 401 2078 rere
418 2033 555 2089 putaretur.
597 2029 656 2074 Mox
679 2029 704 2073 in
727 2028 757 2074 iis
781 2041 843 2085 quae
866 2028 896 2074 de
918 2026 1027 2074 Hesiodo
1046 2028 1158 2074 dicuntur
1176 2027 1287 2074 nonnihil
1304 2028 1430 2075 turbatum
1449 2044 1506 2078 esse

346 2124 469 2171 neminem
494 2123 570 2182 fugit,
595 2123 661 2181 quod
678 2122 734 2169 inde
753 2126 833 2168 ortum
855 2135 909 2180 esse
932 2121 1020 2179 credo,
1047 2113 1104 2179 quia
1126 2122 1300 2181 grammaticus
1322 2123 1404 2169 locum
1420 2123 1506 2184 ipsum

347 2232 420 2278 quem
431 2218 503 2264 Plato
521 2216 600 2263 obiter
617 2216 733 2277 tetigerat
748 2216 830 2276 plenis
844 2214 929 2262 verbis
945 2215 971 2261 in
989 2216 1100 2275 margine
1118 2214 1305 2262 describendum
1323 2217 1428 2276 putavit.
1461 2218 1505 2263 Vi·

347 2312 393 2359 deo
411 2315 493 2358 autem
509 2311 534 2357 in
553 2311 688 2357 novissime
706 2310 777 2358 editis
801 2308 870 2355 libris
888 2306 993 2359 streete
1018 2309 1082 2367 dari,
1109 2314 1225 2367 tanquam
1242 2310 1402 2358 Parmenides
1419 2326 1506 2359 rerum
1547 2316 1553 2327 ’

346 2406 532 2454 universitatem
549 2419 579 2452 ex
596 2405 639 2451 illa
659 2418 734 2451 causa
751 2404 905 2460 derivasset,
924 2403 967 2461 qui
984 2403 1118 2449 secundum
1134 2403 1294 2449 Plutarchum
1311 2404 1342 2450 de
1354 2405 1421 2452 Plec.
1436 2405 1504 2452 Phil.

346 2502 370 2558 1,
390 2503 436 2558 24,
463 2486 552 2563 toque
569 2494 666 2562 γένεσιν
684 2494 728 2547 καί
745 2490 848 2560 φθοράν.
892 2497 970 2543 Multo
988 2496 1048 2543 mihi
1064 2498 1141 2544 tutius
1158 2497 1256 2544 videtur
1273 2497 1413 2557 subjeetum
1430 2500 1505 2547 verbi

347 2590 473 2657 μητίσατο
490 2593 607 2637 omissum
625 2605 678 2637 esse
696 2594 812 2649 statuere,
830 2590 903 2648 idque
915 2595 1003 2650 putare
1020 2591 1095 2637 fuisse
1109 2586 1181 2647 Χάος
1197 2592 1239 2638 vel
1250 2581 1365 2657 Ἔρεβος
1382 2594 1424 2640 vel
1437 2588 1505 2653 Nil,

348 2686 391 2750 (ci.
409 2686 485 2732 Arist.
503 2685 584 2749 Aves)
611 2680 708 2748 γένεσιν
725 2698 786 2731 vero
812 2683 899 2731 eodem
924 2698 998 2731 seusu
1021 2698 1108 2744 capere
1132 2698 1180 2742 quo
1207 2698 1282 2744 supra
1307 2686 1426 2746 occurrit,
1460 2678 1508 2753 οὐχ

347 2772 444 2844 ἥκιστα
461 2774 491 2830 δὲ
509 2773 638 2841 >tardastis
656 2774 760 2841 γένεσιν.
796 2778 859 2824 Tum
883 2777 947 2824 illud
963 2778 1138 2825 attendendum
1156 2783 1194 2825 est
1210 2778 1288 2826 tribus
1306 2783 1403 2827 tantum
1420 2786 1506 2829 aucto·

346 2875 415 2922 ribus
433 2875 512 2921 citatis
529 2887 616 2934 parum
634 2877 690 2932 apte
708 2873 756 2920 dici
785 2865 852 2923 οὕτω
869 2868 1024 2938 πολλαχόθεν
1042 2865 1209 2936 ὁμολογεῖται.
1245 2873 1376 2922 Caeterum
1393 2889 1446 2922 non
1464 2891 1506 2924 ne·

347 2969 489 3029 gligendum
507 2968 533 3014 in
551 2967 703 3015 Coisliniano
720 2963 880 3033 πανταχόθεν
898 2967 962 3027 legi3
989 2967 1048 3024 hoc,
1067 2971 1095 3012 ut
1112 2967 1211 3025 opinor,
1229 2973 1347 3028 tanquam
1362 2970 1419 3030 plns
1434 2970 1506 3030 justo

348 3064 489 3121 affirmaret,
509 3063 535 3109 in
552 3063 656 3109 alterum
673 3075 762 3121 nempe
778 3062 916 3120 mitigatum
936 3065 981 3108 est:
1017 3061 1093 3118 Atqui
1110 3061 1264 3120 aptissimum
1282 3066 1320 3110 est
1334 3056 1506 3129 πανταχόθεν,

346 3157 394 3205 hoo
411 3171 497 3205 sensu:
521 3155 552 3202 ab
569 3155 634 3201 omni
650 3155 794 3215 scriptorum
811 3141 953 3213 proeresh.
967 3169 987 3201 e.
1005 3159 1147 3214 poetarum,
1165 3155 1367 3217 philosophorum
1385 3161 1410 3204 et
1427 3158 1507 3206 histo-

347 3252 461 3298 ricorum.
496 3250 625 3297 Postremo
643 3250 725 3295 nescio
744 3249 803 3307 quid
820 3248 961 3295 inconcinni
978 3252 1016 3295 est
1039 3248 1145 3296 inillis:
1172 3246 1345 3316 πρεσβύτατος
1362 3243 1386 3301 δ’
1405 3241 1443 3300 da
1464 3267 1507 3316 με·

348 3342 442 3409 γίστων
460 3336 565 3406 α’γαὸῶν
583 3337 646 3404 ἡμῖν
664 3336 745 3398 αίτιός
767 3337 842 3391 ἐστιν.
882 3341 1018 3388 indicatum
1041 3342 1149 3402 oportuit
1172 3344 1377 3402 quemadmodum
1399 3345 1508 3394 alterum

348 3453 380 3486 ex
397 3439 476 3484 altero
494 3440 644 3495 sequeretur.
687 3435 759 3494 Quod
780 3436 806 3481 in
830 3436 884 3495 ipsa
907 3436 1018 3482 oratione
1036 3437 1117 3484 iacere
1134 3452 1184 3484 non
1202 3452 1276 3485 ausus
1294 3453 1360 3497 sum,
1388 3439 1415 3486 in
1433 3442 1508 3490 Notis

349 3533 409 3579 mihi
425 3531 500 3578 licere
517 3529 637 3589 arbitror,
655 3533 682 3576 ut
699 3533 777 3576 toturn
793 3530 874 3576 locum
892 3530 927 3577 sic
944 3531 1072 3590 retingam.
1108 3528 1185 3596 γονῆς
1202 3526 1251 3594 γάρ
1263 3528 1352 3589 Χάους
1368 3523 1421 3582 οὔτ’
1442 3531 1508 3585 aloia

350 3617 409 3676 οὔτε
427 3620 539 3688 λέγονται
557 3614 598 3674 ὕπ’
618 3614 719 3680 οὐδενος
737 3613 787 3673 οὔτ’
807 3618 908 3674 ἰδιώτου
927 3615 986 3674 οὕτε
1003 3621 1116 3687 ποιητοῦ,
1134 3616 1189 3674 ἀλλ’
1203 3617 1326 3682 Ἡσίοδος
1342 3623 1443 3688 πρῶτον
1463 3623 1509 3692 μὲν

349 3713 423 3775 Χάος
440 3714 559 3783 γενέσθαι
576 3714 650 3781 φησί,
669 3711 734 3780 μετὰ
752 3711 782 3768 δὲ
799 3711 827 3768 τὸ
848 3712 919 3774 Χάος
937 3711 984 3768 δύο
1001 3712 1091 3776 τούτω,
1110 3715 1166 3782 Γῆν
1183 3731 1213 3767 τε
1229 3715 1274 3768 καὶ
1285 3709 1405 3782 Ἔρωτα.
1435 3719 1508 3786 [Iup

352 3810 457 3876 μενίδης
474 3805 503 3861 δὲ
520 3805 566 3873 τήν
584 3809 680 3875 γένεσιν
698 3806 776 3873 λέγει,
804 3804 953 3872 Προίτιστον
972 3805 1017 3874 μὲν
1035 3802 1144 3874 Ἔρωτα
1162 3809 1235 3861 Θεῶν
1254 3809 1380 3874 μητίσατο
1396 3809 1508 3866 πάντων.

349 3901 467 3970 Ἡσιόδῳ
486 3899 516 3956 δὲ
533 3902 578 3954 καί
593 3895 763 3960 ’Δκουσίλεως
781 3899 905 3967 ὁμολογεῖ
942 3897 1009 3954 οὕτω
1027 3899 1185 3972 πανταχόθεν
1203 3899 1362 3969 ὁμολογεῖται
1380 3901 1395 3956 a‘
1413 3898 1510 3972 Ἔρως

350 3995 376 4050 ἐν
393 4002 446 4054 τοῖς
462 3993 635 4064 πρεσβύτατος
653 3990 722 4048 εἶναι.
757 3991 930 4064 πρεσβύτατος
947 3991 972 4049 δ’
990 3989 1037 4057 ὥν,
1065 3994 1224 4063 μέγιστός
1246 4013 1280 4048 τε
1303 3999 1359 4049 καὶ
1378 3998 1509 4065 μεγίστων

351 4087 456 4159 trabeis
473 4086 536 4157 ἡμῖν
555 4087 635 4149 αίτιός
652 4087 728 4141 ἐστιν.
764 4107 788 4139 v.
807 4092 878 4138 Varr.
896 4093 975 4140 Lectt.
993 4093 1104 4140 Bekkeri
1121 4095 1260 4159 adnlocnm.
1303 4087 1510 4160 ἀπεχόμενοι

351 4185 470 4241 πάντων
489 4212 529 4233 -.
564 4175 658 4249 ἧνονε
676 4178 830 4258 ἀπεχόμενοι
847 4187 970 4233 damnavi.
997 4187 1056 4234 Mox
1069 4188 1121 4263 'nisi
1138 4188 1211 4235 fallor
1227 4189 1373 4249 legendum:
1392 4186 1440 4239 καί
1456 4186 1509 4255 μὴν

353 4277 394 4346 μή
414 4277 588 4345 ἐγκαταλιπεῖν
607 4295 638 4345 γε
654 4275 687 4330 τὰ
703 4274 823 4339 παιδικά,
849 4271 1019 4346 ἧβοηὲνῆσοιι
1036 4277 1210 4332 κινδυνεύοντι.
1248 4282 1321 4330 Certe
1338 4284 1433 4331 trustra
1451 4290 1511 4333 sunt

353 4377 395 4434 qni
410 4376 538 4434 vulgatam
555 4375 695 4422 defendunt.

422 4470 478 4515 179.
516 4459 550 4518 οὖ
576 4463 668 4531 μόνον
694 4465 721 4518 οἱ
745 4458 918 4529 άνδρεςψ.
954 4467 1025 4515 Libri
1047 4482 1093 4528 pro
1116 4466 1138 4518 οἱ
1161 4469 1220 4517 dant
1244 4460 1290 4520 ὅτι.
1331 4469 1426 4518 Verum
1445 4474 1511 4520 vidit

352 4562 498 4622 Stephanus.
538 4563 611 4622 Quod
632 4562 700 4623 prius
721 4544 815 4621 conjeci
838 4554 886 4627 οάχ
904 4551 943 4612 ὅτι
961 4561 1016 4620 jam
1032 4577 1048 4608 a
1064 4563 1182 4610 Fischero
1199 4564 1354 4624 propositum
1371 4569 1439 4626 erat;
1466 4568 1509 4615 sed

352 4662 377 4705 et
393 4657 512 4703 articulus
528 4657 672 4715 requiritur,
698 4661 724 4702 et
740 4648 787 4722 οὐχ
804 4647 843 4705 ὅτι
860 4646 910 4702 non¹
928 4656 993 4702 idem
1011 4656 1076 4716 apud
1092 4657 1221 4704 Platonem
1244 4658 1366 4717 significat
1392 4662 1462 4718 quod
1480 4654 1509 4712 od

354 4744 435 4815 μόνον.
471 4743 547 4811 ὑπὲρ
565 4748 659 4801 τοῦδε
675 4747 731 4800 τοῦ
749 4745 842 4812 λόγου
860 4775 893 4784 -
910 4750 973 4796 haec
989 4750 1084 4797 uncinis
1102 4752 1201 4799 inclusit
1217 4754 1338 4800 Baiterus.
1373 4755 1446 4802 Idem
1463 4771 1509 4818 ego

353 4845 385 4891 da
401 4844 484 4892 verbis
503 4840 539 4900 είς
556 4838 615 4900 τοὺς
630 4834 774 4906 Ἕλληνας,
795 4847 878 4902 utpote
897 4857 912 4889 a
931 4841 1097 4892 Grammatico
1114 4846 1146 4892 ob
1164 4844 1300 4912 παρέχεται
1317 4847 1454 4908 adscriptis
1474 4851 1510 4898 la-
