3850 5700
634 819 677 864 nu
698 818 855 866 rusucurs
875 817 1016 863 suerrus
1037 818 1200 865 uersuum.
1445 798 1481 864 xi

383 996 601 1082 reponendum
616 994 679 1075 sit;
702 993 756 1064 καὶ
769 992 788 1061 ὅ
801 1020 832 1062 τι
850 994 891 1060 δν
903 994 1050 1062 άκταῖνον
1068 993 1137 1080 ὤση
1156 994 1233 1062 αὐτὸ
1250 994 1292 1063 τὰ
1306 994 1476 1086 ἐλάχιστα,

384 1106 528 1178 ἀτάκτως
542 1106 584 1172 αὖ
597 1105 692 1195 πηδᾷ.

426 1221 502 1286 676.
537 1217 640 1285 ’Ὅθεν
661 1244 722 1307 περ
744 1216 798 1286 καὶ
823 1217 881 1301 τὴν
901 1221 964 1285 τῶν
988 1217 1114 1294 πόλεων
1138 1218 1281 1286 ἐπίδοσιν
1303 1219 1347 1291 είς
1364 1218 1477 1308 ἀρετὴν

382 1330 638 1416 μεταβαίνουσαν
652 1330 719 1415 ἅμα
733 1330 786 1398 καὶ
800 1332 913 1400 κακίαν
926 1331 1078 1398 ἑκάστοτε
1092 1331 1226 1399 θεατέον.
1266 1333 1475 1402 Scribendum

384 1446 645 1529 μεταβαινοοσῶν
667 1444 738 1531 quis
760 1445 940 1512 admonitus
962 1446 1121 1532 negabit?
1163 1446 1213 1511 De
1235 1444 1383 1512 universe
1403 1468 1474 1514 seu-

384 1559 486 1629 tentic
499 1582 612 1645 perum
626 1557 741 1626 soliciti
757 1558 889 1639 librarii,
905 1582 976 1646 eam
994 1558 1060 1626 fere
1079 1559 1225 1647 regulam
1243 1567 1418 1645 sequuntur
1435 1566 1474 1626 ut

382 1670 539 1758 adjective
548 1676 581 1736 ct
591 1669 758 1758 participia
768 1692 841 1736 cum
851 1670 996 1759 proximo
1006 1671 1134 1737 nominc
1148 1671 1335 1738 concordare
1345 1679 1472 1758 coguut,

381 1781 816 1867 ipserumeutemnominum
826 1804 915 1848 casus
925 1780 1071 1867 proximo
1081 1780 1239 1852 verbovel
1249 1780 1473 1867 praepcsiticui,

382 1892 480 1960 etism
490 1916 589 1979 quum
599 1893 789 1960 alienissime
799 1899 856 1972 est,
866 1894 1110 1959 accommodent.
1139 1892 1204 1959 Hic
1214 1892 1321 1979 inepte
1331 1889 1474 1958 ἐπίδοσιν
1599 1943 1602 1949 .

381 2028 448 2072 esse
464 2005 665 2071 crediderunt
684 2027 755 2091 quae
775 2002 978 2087 μεταβαίνειν
995 2004 1160 2070 diceretur.
1204 2003 1295 2072 Dabo
1316 2003 1470 2091 exemplu

382 2114 435 2189 Sic
459 2114 494 2190 in
519 2115 582 2188 707
608 2115 665 2182 ubi
688 2138 796 2182 sensus
821 2114 964 2201 requirit,
992 2112 1026 2179 αἱ
1051 2112 1104 2179 διὰ
1126 2111 1167 2179 τὰ
1191 2113 1323 2180 ναυτικά
1345 2112 1472 2182 πόλεων

380 2224 525 2310 δυνάμεις
539 2226 607 2309 ἅμα
624 2224 783 2313 σωτηρίας
800 2225 894 2309 τιμὰς
912 2226 948 2292 οὐ
966 2229 1012 2313 τῷ
1025 2224 1195 2311 καλλίστῳ
1213 2228 1276 2291 τῶν
1289 2228 1475 2310 πολεμικῶν

380 2336 581 2414 ἀποδιδόασι,
606 2362 706 2426 quum
734 2339 898 2404 crederent
926 2337 994 2421 ἅμα
1021 2338 1201 2425 proximum
1229 2361 1337 2404 vocem
1361 2362 1471 2427 regere

380 2450 496 2515 debere
509 2446 651 2538 σωτηρίᾳ
660 2449 870 2524 invexerunt:
890 2470 953 2534 quc
963 2448 1037 2535 jure
1048 2448 1099 2514 vel
1109 2448 1272 2534 sequentia
1282 2450 1469 2516 ostendunt:

380 2558 432 2626 διά
446 2561 670 2649 κυβερνητικῆς
686 2559 748 2648 ιγὰρ
763 2558 817 2626 καὶ
831 2557 1158 2648 πεντηκοντοραρχίας
1172 2557 1226 2625 καὶ
1240 2559 1377 2648 ἐρετικῆς
1391 2559 1470 2649 [καὶ]

378 2670 592 2739 παντοδαπῶν
608 2671 663 2737 καὶ
677 2672 714 2738 οὐ
727 2671 813 2737 πάνυ
828 2669 1012 2737 σπουδαίων
1025 2669 1201 2760 ἀνθρώπων
1213 2671 1397 2758 γιγνομένης
1413 2674 1469 2759 (sc.

380 2783 550 2875 σωτηρίας)
567 2783 624 2859 τῶς
641 2783 735 2868 τιμὰς
750 2783 897 2856 ἑκάστοις
911 2783 969 2851 οὔκ
982 2783 1022 2849 ἂν
1036 2782 1162 2851 δύναιτο
1176 2783 1274 2873 ὀρθῶς
1287 2784 1473 2854 ἀποδίδοναί

380 2923 436 2968 τις·
479 2897 522 2967 In
537 2897 599 2963 709
614 2898 769 2964 dederunt
783 2895 837 2963 καὶ
856 2894 973 2985 χρόνον
987 2895 1041 2963 ἐπὶ
1055 2895 1159 2961 πολὺν
1175 2897 1324 2965 ἐνιαυτῶν
1337 2901 1471 2964 πολλῶν

378 3007 538 3080 πολλάκις
559 3008 697 3098 ἀκαιρία,
719 3009 775 3076 ubi
796 3007 1009 3090 τουτολωγίαν
1029 3007 1146 3073 vitabis
1166 3007 1330 3074 scribendo
1347 3007 1468 3090 πολλή.

377 3121 412 3188 Ν
413 3144 464 3186 cm
474 3124 607 3187 πολλῶν
620 3121 768 3197 ἐνιαυτῶν
782 3121 810 3187 si
823 3122 863 3187 de
877 3119 970 3187 aunis
984 3118 1176 3185 continuatis
1190 3119 1307 3186 dicitur
1320 3119 1405 3186 idem
1420 3128 1469 3187 cst

378 3233 464 3318 quod
478 3231 594 3321 χρόνον
611 3231 664 3305 ἐπὶ
686 3230 812 3308 πολύν,·
835 3231 885 3297 sin
898 3229 977 3299 mali
991 3229 1068 3297 anni
1081 3252 1139 3316 per
1152 3229 1321 3297 intervalla
1335 3231 1468 3299 veniunt

377 3347 433 3413 sed
452 3345 642 3433 frequentes,
660 3339 724 3415 ¹hcc
744 3369 820 3413 voce
841 3342 1001 3413 πολλάκις
1022 3341 1209 3409 declaretur.
1254 3342 1412 3411 Oaetsrum
1433 3370 1468 3411 τε

376 3464 448 3543 post
474 3459 595 3540 λοιμῶν
622 3457 812 3536 delendum
848 3479 924 3521 uem
952 3453 1070 3521 srustrc
1098 3460 1146 3521 est
1170 3453 1384 3535 Hermuuuus,
1410 3456 1467 3543 qui

376 3567 521 3657 ἀκαιρίας
545 3569 708 3636 scribendo
732 3567 857 3635 morbos
881 3566 953 3631 illos
973 3565 1010 3631 in
1034 3561 1163 3646 λοιμοὺς
1184 3570 1216 3629 et
1237 3562 1381 3652 ἀκαιρίας
1401 3566 1464 3633 dis·

376 3681 484 3766 pessit.
529 3679 571 3747 Iu
585 3679 649 3745 717
663 3679 796 3756 absurde
810 3677 958 3743 scribitur
970 3673 1045 3759 μήθ’
1061 3673 1271 3763 ὑπεραίροντα
1290 3679 1353 3742 τῶν
1367 3676 1464 3743 εἰθισ·

376 3789 478 3873 μένων
504 3789 615 3874 ὄγκων,
641 3790 698 3857 ubi
726 3788 899 3876 requiritur
927 3786 1044 3870 ὄηκονε
1076 3787 1200 3874 corrige
1224 3794 1377 3873 preterea
1401 3791 1467 3861 τοῖς

374 3901 537 3986 γεννήταις
550 3912 583 3970 et
601 3901 638 3969 τὸ
652 3901 686 3968 δὲ
698 3900 744 3986 μὴ
767 3951 775 3966 .
799 3950 807 3966 .
831 3950 839 3967 .
862 3902 964 3977 τοῦτο.
1010 3899 1081 3965 Ηοο
1098 3898 1185 3964 enim
1202 3897 1384 3985 πρεσβεύει,
1398 3923 1465 3968 non

374 4015 433 4101 qui
453 4016 513 4083 hcc
535 4015 620 4081 facit.
673 4011 892 4099 Corruptelem
913 4011 949 4077 in
973 4011 1035 4077 720
1058 4032 1100 4075 ex
1120 4009 1230 4076 eodem
1252 4010 1340 4077 fonte
1361 4019 1464 4079 ortam

373 4125 523 4211 suspicor.
570 4125 647 4213 Φέρε
663 4124 701 4208 δὴ
720 4123 800 4213 πρὸς
820 4123 907 4203 θεῶν,
923 4119 982 4188 τίν’
997 4120 1060 4209 ἄρα
1078 4124 1205 4208 πρῶτον
1222 4120 1317 4204 νόμον
1336 4118 1410 4191 θεῖτ’
1425 4119 1466 4187 ἂν

375 4235 402 4301 ὁ·
416 4237 608 4318 υομοθέτηςς
640 4235 690 4324 ἄρ’
716 4236 753 4302 οὐ
777 4217 860 4301 κατά
888 4232 988 4321 φύσιν
1011 4230 1070 4314 τὴν
1091 4231 1165 4320 περὶ
1186 4231 1336 4316 γενέσεως
1358 4230 1464 4322 ἀρχὴν

370 4347 499 4436 πρώτην
517 4345 645 4414 πόλεων
662 4344 736 4435 πέρι
754 4342 994 4427 κατακοσμήσει
1013 4345 1082 4413 ταῖς
1103 4340 1225 4425 τάξεσι.
1269 4341 1371 4410 Oredo
1386 4344 1461 4410 Plu·

374 4469 483 4529 tonem
496 4461 673 4547 scripsisse:
696 4457 751 4524 τὸν
764 4456 838 4546 περὶ
856 4454 989 4539 γένεσιν,
1005 4455 1047 4526 ῶς
1065 4453 1169 4543 ἀρχὴν
1184 4451 1314 4541 πρώτην
1327 4454 1462 4536 πόλεων,

372 4570 452 4661 πρίν
473 4576 719 4655 κατακοσμῆσαι
742 4574 811 4641 ταῖς
834 4564 955 4652 τάξεσι.
1000 4568 1043 4633 In
1066 4568 1129 4634 723
1153 4589 1211 4653 pro
1234 4564 1252 4631 δ
1275 4564 1313 4648 δή
1337 4566 1427 4634 ἐστιν
1448 4567 1466 4633 ὁ

372 4684 467 4770 νόμος
480 4687 552 4774 lege
566 4685 603 4753 οὗ
620 4686 705 4772 quod
724 4684 764 4751 ab
782 4679 926 4763 ἐπίταξιν
939 4680 1065 4766 pendet.
1110 4678 1184 4745 Nou
1198 4677 1282 4745 dixit
1303 4683 1359 4745 τοῦ
1373 4705 1463 4762 νομο-
