3850 5700
880 764 1111 821 εναποκιοιν.
1551 770 1573 835 5

417 903 614 1003 Σώκρατες,
642 904 717 1004 παρ’
737 910 793 1001 ἐμὲ
812 904 1013 996 κατάκεισο,
1042 910 1096 979 ίνα
1115 911 1248 982 καὶτοῦ
1268 916 1372 1007 σοφοῦ
1389 906 1596 1005 ἁπτίμενίςᾱ

417 1060 479 1106 σου
503 1030 706 1123 ἀπολαύσω,
734 1032 819 1108 ὅσοι
837 1041 1000 1133 προσέστη
1020 1040 1138 1123 ἐντοῖς
1158 1035 1338 1132 προθύμοις.
1390 1043 1490 1133 δῆλον
1508 1038 1573 1133 γοὶρ

417 1160 472 1234 ὅτι
494 1154 583 1259 εὗρες
608 1159 692 1237 αίτὸ
717 1165 777 1236 καὶ
801 1168 896 1257 έχεις·
925 1162 962 1235 ου
987 1162 1052 1261 γοὶρ
1082 1162 1122 1236 άν
1152 1171 1390 1261 προαπέστης.-
1425 1169 1493 1238 Καὶ
1518 1164 1573 1239 τὸν

417 1288 586 1387 Σωκράτη
601 1294 799 1379 ,καθίζεσθαι
825 1294 884 1364 καὶ
910 1295 1025 1381 εἰπεῖν,
1060 1292 1111 1365 ὅτι
1137 1286 1187 1365 Εὖ
1213 1292 1254 1365 σίν
1281 1297 1363 1387 ἔχοι,
1397 1292 1520 1390 φάναι,
1548 1286 1572 1365 ὦ

414 1415 576 1519 Ἀγάθων,
603 1422 630 1492 εἰ
649 1428 796 1493 τοιοῦτον
811 1418 900 1513 είηή
921 1423 1033 1517 σοφία,
1060 1418 1134 1494 ὅστ’
1157 1426 1196 1493 έκ
1211 1428 1269 1495 τοῦ
1289 1421 1509 1518 πληρεστέρου
1528 1426 1574 1508 είς

416 1545 474 1619 τὸν
491 1544 662 1645 κενότερον
682 1552 744 1645 ρεῖν
761 1546 873 1643 ἡμῶν,
901 1545 958 1620 ἐάν
977 1545 1142 1643 ἁπτάμεθ
1161 1546 1332 1645 άλλήλων,Ι
1359 1549 1465 1647 ὥσπερ
1483 1548 1520 1623 τὸ
1540 1554 1572 1621 ἐν

416 1684 493 1761 ταῖς
507 1673 629 1764 κύλιξιν
648 1676 732 1775 ὕδωρ
750 1675 788 1750 τὸ
805 1675 862 1750 διὰ
881 1683 940 1750 τοῦ
960 1680 1043 1774 έρίου
1065 1681 1133 1773 ρέον
1152 1682 1190 1750 ἐκ
1206 1683 1268 1772 τῆς
1286 1682 1509 1775 πληρεστέρας
1527 1682 1574 1765 εἰς
1678 1730 1680 1733 -

416 1801 477 1897 τὴν
494 1810 681 1901 κενωτέραν.
735 1809 763 1877 εί
780 1803 845 1902 γάρ
865 1804 970 1891 οὕτως
988 1808 1128 1898 ἔχεικαὶ
1146 1802 1169 1900 ἡ
1188 1809 1306 1902 σοφία,
1334 1811 1456 1879 πολλοῦ
1472 1810 1573 1901 τιμαῖ-

417 1960 480 2025 μαι
496 1930 557 2024 τήν
577 1931 671 2030 παρά
688 1935 739 2006 σοὶ
757 1931 974 2006 κατάκλισιν·
1001 1931 1093 2026 οἶμαι
1112 1930 1178 2031 γάρ
1196 1962 1237 2027 με
1259 1932 1353 2030 παρά
1369 1941 1428 2008 σου
1448 1938 1594 2026 πολλῆςο

416 2064 477 2134 καὶ
496 2067 606 2153 καλῆς
629 2064 748 2159 σοφίας
768 2058 1050 2158 πληρωθήσεσθαι·
1077 2059 1099 2154 ἡ
1125 2060 1269 2158 μὲνγὰρ
1294 2061 1357 2156 ἐμὴ
1382 2060 1496 2159 φαύλη
1520 2090 1572 2149 τις

416 2186 459 2261 άν
480 2192 530 2282 είη
549 2191 609 2262 καὶ
628 2186 938 2286 ἀμφισβητήσιμος,
967 2188 1074 2286 ὥσπερ
1096 2188 1175 2286 ίίναρ
1199 2182 1299 2272 οὖσα,
1325 2187 1466 2283 ἡδέα-ἠ
1487 2195 1572 2285 λαμ-

416 2315 486 2414 προί
504 2346 541 2391 τε
556 2320 616 2390 καὶ
634 2316 758 2409 πολλὴν
776 2321 917 2390 ἐπίθεσιν
937 2322 1076 2412 ἔχουσα,
1102 2317 1125 2409 ἥ
1141 2344 1180 2413 γε
1200 2316 1293 2414 παρὰ
1313 2325 1373 2393 σοῦ
1390 2325 1460 2391 νέου
1480 2318 1573 2406 ὄντος

415 2444 500 2519 οὕτω
518 2442 815 2544 σφόδρ’,έξέλαμψε
837 2448 898 2518 καὶ
921 2444 1069 2542 ἐκφανὴς
1092 2451 1216 2542 ἐγένετο
1240 2443 1351 2546 πρῴην
1375 2451 1406 2518 έν
1427 2444 1572 2545 μάρτυσι

415 2581 481 2646 τῶν
494 2570 661 2667 Ἑλλήνων
680 2580 776 2647 πλέον
794 2572 816 2669 ἧ
836 2578 1043 2672 τρισμυρίοις.
1058 2557 1061 2564 ’
1080 2571 1256 2671 Ὑβριστὴς
1274 2573 1318 2664 εἰ,
1347 2579 1429 2671 ἔφη,
1458 2569 1572 2649 ‹3203-

414 2728 554 2799 κρατες,
581 2698 773 2797 ὁἈγάθων.
827 2705 1016 2776 καὶταῦτα
1036 2706 1093 2797 μὲν
1109 2705 1169 2777 καὶ
1188 2701 1294 2799 ὀλίγον
1311 2703 1442 2800 ὕστερον
1468 2711 1572 2777 διαδι-

414 2827 586 2926 κασάμεθα
606 2828 669 2928 ε’γά
689 2860 725 2904 τε
745 2833 805 2904 καὶ
830 2828 890 2914 σύ,
915 2838 1062 2928 δικαστῇ
1085 2830 1238 2930 χρώμενοι
1261 2839 1307 2933 τῷ
1329 2831 1486 2932 Διονύσῳ·
1514 2836 1571 2905 νῦν

415 2963 453 3033 δὲ
481 2958 556 3058 πρὸς
582 2958 619 3034 τὸ
646 2968 770 3034 δείπνου
798 2966 915 3057 πρῶτα
941 2966 1068 3057 τρέπου.

356 3118 406 3164 ιιι
494 3089 556 3164 IV.
585 3089 705 3190 ,Μετοὶ
733 3096 864 3171 ταῦτα,
893 3094 976 3186 ἔφη,
1003 3094 1259 3175 κατακλινέντος
1284 3093 1342 3162 τοῦ
1369 3085 1571 3186 Σωκράτους
1578 3120 1595 3154 ι

414 3219 476 3291 καὶ
492 3215 726 3312 δειπνήσαντες
740 3221 801 3291 καὶ
817 3224 880 3291 τῶν
897 3215 1020 3322 ἄλλων,
1047 3199 1192 3303 σπουδάς
1208 3245 1246 3290 τε
1262 3221 1353 3314 σφοῖς
1368 3213 1569 3311 ποιήσασθαι

414 3347 475 3419 καὶ
493 3344 646 3445 ᾅσαντος
660 3344 716 3420 τίν
735 3344 802 3419 θεὸν
819 3348 879 3419 καὶ
896 3338 1009 3419 τᾶλλα
1026 3345 1072 3419 τοὶ
1082 3343 1279 3440 ,νομιζόμενα
1298 3330 1470 3442 τρέπεσθαι
1490 3343 1569 3442 πρὸς

414 3472 469 3548 τὸν
488 3472 593 3548 πάτον.
628 3473 683 3548 τὸν
701 3469 756 3548 οὖν
773 3478 967 3548 Παυσανίαν
984 3479 1048 3572 ἔφη
1064 3473 1161 3570 λόγου
1178 3471 1327 3548 τοιοάτου
1342 3472 1428 3560 τινὸς
1443 3471 1568 3571 κατάρ-

413 3631 490 3698 χειν.
532 3601 627 3694 Εἶεν,
654 3602 785 3701 άνδρες,
813 3601 935 3700 φάναι,
963 3605 1039 3675 τίνα
1055 3600 1172 3700 τρίπον
1189 3607 1302 3702 ρηῖστα
1322 3601 1478 3697 πιὸμὲθας
1505 3600 1568 3697 ἐγω

415 3734 472 3824 μὲν
493 3725 548 3805 οὖν
569 3738 651 3825 λέγω
669 3729 745 3826 ὑμίν
764 3731 814 3804 ὅτι
833 3739 879 3832 τῷ
899 3730 968 3805 ίντι
982 3728 1071 3804 πάνυ
1091 3735 1243 3825 χαλεπῶς
1261 3736 1322 3825 ἔχω
1339 3728 1403 3804 ὑπὸ
1421 3737 1480 3804 τοῦ
1498 3733 1567 3824 χθὲς
1603 3759 1629 3800 τ·

414 3859 516 3935 πάτου
534 3862 595 3933 καὶ
608 3866 724 3953 δέομαι
741 3858 918 3959 ἀναψυχῆς
934 3888 1030 3950 τινος,
1056 3858 1148 3954 οἶμαι
1163 3862 1202 3932 δὲ
1218 3861 1278 3932 καὶ
1291 3857 1382 3953 ὑμῶν
1399 3856 1476 3946 τοὺς
1490 3864 1567 3931 πολ-

412 3987 507 4075 λοίς·
535 3993 664 4086 παρῆτε
681 3989 747 4086 γὰρ
763 3994 842 4084 χθές.
896 3984 1060 4062 σκοπεῖσθ’
1081 3981 1154 4078 οὖν,
1181 3990 1244 4061 τίνι
1259 3985 1368 4088 τρόπῳ
1386 3985 1426 4060 οἳν
1446 3985 1489 4072 ὦς
1509 3991 1593 4085 ρηῖι

413 4145 483 4191 στα
499 4121 650 4212 πίνοιμεν.
704 4115 768 4190 Τὸν
792 4111 846 4191 οὖν
868 4115 1092 4214 Ἀριστοφάνη
1118 4095 1244 4189 εἰπεῖν·
1269 4121 1375 4189 Τοῦτο
1397 4120 1508 4209 μέντοη
1530 4107 1566 4186 εὖ

413 4253 530 4340 λέγεις,
557 4239 581 4318 ὦ
599 4249 789 4336 Παυσανία,
816 4244 855 4320 τὸ
872 4248 973 4319 παντὶ
989 4244 1096 4346 τρόπῳ
1112 4242 1422 4342 παρασκευάζεσθαι
1441 4240 1568 4342 ῥαστώ-

412 4402 473 4468 νην
492 4374 567 4448 τινοὶ
588 4382 651 4470 τῆς
677 4374 819 4462 πόσεως·
847 4372 992 4471 καὶγὰρ
1020 4371 1123 4459 αυ’τιἰς
1147 4377 1212 4467 εἰμι
1235 4379 1299 4445 τῶν
1321 4374 1390 4467 χθὲς
1414 4377 1567 4466 βεβαπτι-

413 4509 547 4598 σμένων.
597 4501 796 4578 Ἀκοάσαντ’
816 4496 870 4576 οὖν
889 4501 999 4577 αὐτῶν
1021 4507 1084 4599 ἔφη
1101 4500 1318 4598 Ἐρυξίμαχον
1338 4498 1394 4573 τὸν
1409 4497 1566 4594 Ἀκουμε-

412 4639 490 4727 νρῡ,
521 4625 568 4704 Ἥ
595 4636 724 4722 καλῶς,
758 4629 879 4729 φάναι,
911 4637 1032 4726 λέγετε.
1084 4633 1144 4703 καὶ
1170 4635 1218 4702 ἔτι
1243 4631 1310 4715 ένὸς
1334 4636 1450 4724 δέομαι
1473 4609 1566 4722 ὑμῶν

412 4758 577 4851 αἰτοῦσαι,
605 4769 674 4848 πως
692 4766 756 4856 ἔχει
770 4759 850 4859 πρὸς
867 4759 905 4834 τὸ
924 4763 1022 4834 πίνειν
1037 4756 1195 4855 Ἀγάθων.
1242 4755 1424 4851 Οὐδαμῶς,
1451 4754 1566 4851 φάναι,

412 4888 483 4966 οὔδ’
505 4888 607 4977 αὐτὸς
624 4896 775 4988 έρρωμαι.
816 4888 979 4986 Ἕρμαιον
998 4887 1039 4962 άν
1056 4891 1108 4982 εἴη
1125 4885 1214 4982 ἡμῖν,
1239 4880 1306 4981 ἦθ’
1322 4887 1372 4976 θς,
1396 4884 1443 4971 ίις
1456 4890 1594 4974 ἔοικει,ε
