3850 5700
500 793 504 800 ¹
555 800 561 807 ’
594 829 638 874 nu
659 827 815 874 1111111111
837 826 977 873 oramus
997 821 1161 872 nrrsrons.
1385 801 1433 869 vii

334 1004 470 1071 humani
492 1003 623 1072 affectus
645 1012 824 1093 poneretur.
878 1005 994 1092 Itaque
1017 1003 1071 1069 καὶ
1093 1001 1264 1069 delendum
1287 1024 1353 1068 esso
1377 1024 1433 1088 ap·

335 1122 444 1202 paret3
466 1121 538 1181 tum
558 1115 641 1181 mihi
661 1114 792 1202 quidem
812 1115 916 1202 magis
936 1115 1086 1202 placeret,
1105 1112 1238 1197 μιμήσει
1259 1112 1436 1198 διεξιόντων

333 1227 465 1294 ἕκαστα.
490 1226 571 1291 Haec
582 1225 779 1313 scripseram,
788 1224 1291 1312 euminHermannipraefatione
1300 1226 1436 1292 candem

336 1338 517 1425 corrigendi
530 1337 618 1404 viam
631 1338 751 1425 partim
764 1339 805 1406 ab
820 1337 949 1416 Orellio,
965 1338 1085 1425 partim
1099 1338 1140 1403 ab
1158 1338 1227 1423 ipso
1247 1337 1436 1402 Hermanno

335 1449 502 1515 inventam
522 1448 599 1514 vidi
653 1448 716 1515 Sed
737 1450 847 1516 eadem
860 1472 888 1515 -a
908 1472 960 1515 me
985 1456 1111 1536 reporta
1132 1472 1191 1516 cur
1214 1447 1437 1514 dissimulem?

339 1562 466 1650 Quippe
479 1583 545 1628 non
557 1560 598 1627 de
616 1560 711 1627 laude
724 1560 843 1648 agitur,
858 1560 914 1628 sed
931 1562 972 1626 de
990 1559 1152 1646 scriptoris
1171 1559 1323 1642 oratione,
1338 1582 1437 1647 quam

336 1672 486 1740 nonnulli
499 1672 672 1759 patientius
686 1672 790 1739 ferent
804 1679 987 1751 correctam,
998 1671 1026 1737 si
1040 1672 1148 1758 plures
1162 1674 1198 1737 in
1211 1672 1321 1738 eadem
1331 1678 1435 1737 muta·

336 1785 425 1851 tione
439 1783 656 1870 conspirantes
670 1784 836 1851 videbunt.
880 1785 960 1850 Mox
973 1784 1020 1863 in,
1035 1781 1164 1854 τούτους
1177 1782 1236 1867 μὲν
1249 1782 1305 1848 καῖ
1316 1779 1438 1854 τούτοις

336 1895 461 1985 χαίρειν
474 1919 510 1960 τε
528 1892 583 1960 καὶ
599 1894 739 1962 ἐπαινεῖν
758 1895 840 1962 αὐτὰ
862 1946 870 1963 .
894 1942 904 1963 .
925 1944 934 1962 .
952 1896 1136 1979 ἀναγκαῖον,
1150 1918 1289 1983 pronon
1307 1895 1438 1962 ferenda

337 2007 561 2096 conjunctione
577 2007 842 2094 praepositionem,
858 2031 996 2095 quacum
1009 2009 1083 2096 plus
1097 2006 1195 2074 semel
1208 2008 1244 2073 in
1257 2008 1349 2073 libris
1363 2030 1436 2074 con·

337 2119 409 2185 fusa
422 2126 480 2199 est,
495 2119 708 2186 reducendam
723 2143 853 2187 censeo:
876 2119 1006 2190 τούτους
1023 2118 1082 2202 μὲν
1096 2118 1151 2184 ε’ττῖ
1164 2116 1288 2190 τούτοις
1300 2118 1436 2208 χαίρειν.

339 2232 432 2298 Idem
446 2231 623 2298 remedium
636 2231 722 2299 infra
735 2232 771 2298 in
784 2256 817 2319 p.
834 2232 897 2298 691·
911 2232 1129 2297 adhibendum
1143 2231 1213 2297 erit.

384 2345 457 2418 656.
502 2342 552 2410 Ού
565 2340 667 2423 τοιδὴ
682 2341 775 2409 τοῦτό
789 2368 827 2425 ’γε
847 2340 946 2426 λόγον
964 2340 1041 2429 ἔχει.
1084 2342 1263 2410 Perimulae
1282 2368 1333 2408 τοι
1349 2341 1440 2425 otta

340 2453 494 2542 conjungi
528 2477 619 2542 posse
654 2453 773 2541 negavi
808 2455 850 2520 ad
890 2453 1157 2540 Euthydemum3
1200 2477 1305 2541 neque
1329 2454 1439 2533 ,hodio

339 2566 507 2633 sententiae
542 2588 622 2633 meae
658 2588 710 2631 me
747 2567 889 2652 paenitet.
937 2600 940 2608 ·
961 2565 1049 2640 Quid
1087 2566 1142 2632 hic
1181 2566 1355 2654 legendum
1396 2567 1440 2633 sit

339 2704 358 2748 e
382 2678 540 2747 sexcentis
563 2678 722 2745 similibus
746 2678 823 2745 locis
850 2678 877 2745 si
902 2702 1006 2766 operes
1030 2679 1171 2766 pretium
1195 2687 1287 2760 esset,
1315 2679 1441 2747 ostendi

340 2798 455 2880 posset.
499 2791 537 2858 L.
561 2790 599 2858 οὕ
612 2816 645 2857 τι
659 2788 697 2872 δὴ
711 2788 805 2857 τοῦτό
818 2814 856 2873 ’γε
868 2787 967 2875 λύγον
981 2788 1058 2880 ἔχει.

386 2905 458 2970 657.
503 2903 568 2970 Pro
589 2900 722 2969 δυνατὸν
740 2901 789 2991 ἄρ’
810 2901 850 2985 ἦν
870 2951 879 2968 .
903 2950 912 2968 .
935 2952 944 2970 .
968 2902 1143 2991 θαρροῦντα
1162 2903 1375 2969 certissimum
1393 2912 1442 2971 est

343 3015 508 3104 θαρροῦντι
526 3015 654 3102 requisi.
701 3013 803 3081 Oausa
822 3015 937 3082 erraris
955 3022 1065 3103 aperta
1083 3022 1153 3095 est3
1175 3015 1323 3081 credebat
1341 3015 1439 3082 libra·

342 3128 410 3194 rius
433 3127 610 3217 θαρροῦντα
634 3129 675 3195 ad
699 3126 882 3216 proximum
905 3126 989 3211 μέλη
1007 3123 1195 3215 'pertinere3
1227 3128 1267 3193 dc
1292 3127 1443 3194 universa

343 3239 500 3305 sententia
514 3261 555 3304 nc
565 3238 737 3305 somniarit
747 3237 886 3324 quidem
923 3238 1005 3303 Mox
1018 3236 1180 3325 legitur&
1195 3241 1251 3320 τῆς
1263 3236 1374 3320 ἡδονῆς
1388 3237 1442 3304 καὶ

342 3348 448 3431 λύπης
463 3348 589 3432 ζήτησις
603 3352 660 3416 τοῦ
673 3351 760 3434 κοινῇ
777 3350 876 3429 ζητεῖν
889 3347 938 3414 ἀεὶ
951 3352 1089 3434 μουσικῇ
1102 3347 1256 3438 χρῆσθαι.
1296 3349 1346 3417 Ut
1358 3351 1444 3417 nihil

341 3464 382 3530 de
396 3462 528 3529 molesta
541 3463 709 3529 iteratione
725 3460 1016 3543 (Πρω-ζήτησις
1034 3465 1092 3528 τοῦ
1111 3463 1373 3543 ζητεῖν-16111111,
1387 3464 1445 3550 qui

342 3573 446 3660 qualis
464 3596 531 3639 esse
548 3573 664 3640 debeat
681 3596 723 3639 ex
744 3573 995 3659 praecedentibus
1011 3572 1163 3639 facillime
1179 3573 1353 3661 colligitur,
1368 3598 1443 3641 nus·

344 3708 441 3772 quam
451 3691 593 3772 apparet.
621 3685 810 3772 Legendum
820 3691 869 3750 est
879 3685 900 3767 ἡ
910 3689 967 3767 τῆς
976 3683 1086 3767 ἡδονῆς
1097 3683 1151 3749 καῖ
1162 3683 1266 3766 λύπης
1277 3684 1444 3772 ὑφήγησις.

388 3797 461 3862 659.
498 3795 583 3862 Satis
597 3817 749 3882 magnam
762 3795 910 3862 lacunam
927 3818 995 3861 esse
1008 3795 1149 3881 suspicor
1161 3804 1234 3882 post
1248 3796 1265 3862 ὁ
1280 3794 1447 3870 Σικελικός

344 3931 381 3972 τε
393 3903 447 3972 sal
456 3903 616 3976 Ἰταλικὸς
630 3903 732 3988 νόμος.
767 3905 848 3972 Mox
861 3928 920 3992 pro
935 3909 990 3973 νῦν
1003 3907 1110 3978 αὐτοῖς
1124 3905 1224 3996 δρῶσι
1236 3911 1304 3975 τᾶν
1316 3910 1443 3975 τούναν-

344 4018 412 4087 τίον
426 4016 825 4106 &collatrat—legendum:
848 4020 903 4084 νῦν
916 4018 958 4085 αὖ
971 4021 1018 4091 οῖς
1032 4018 1132 4108 δρῶσι
1145 4021 1229 4087 aad.
1268 4093 1272 4099 ,

389 4131 462 4196 660.
507 4127 625 4196 τοιαῦτ’
646 4125 717 4194 ἄττ’
738 4126 828 4194 εἶπον
852 4127 930 4200 ἴσως
955 4129 1040 4196 ὥστε
1064 4134 1129 4196 σοιΙ
1147 4129 1237 4215 δόξαι
1264 4134 1365 4197 ταῦτα
1389 4132 1446 4217 ε’μῖ

324 4218 459 4326 dipem.
504 4241 571 4306 Gur
591 4238 647 4322 ἐμὲ
668 4238 753 4306 dixit
773 4240 830 4306 ubi
851 4264 893 4307 ne
914 4266 955 4324 με
979 4241 1109 4329 quidem
1133 4242 1358 4313 desideratum?
1400 4246 1446 4312 Et

344 4354 425 4442 quid
438 4351 500 4419 sibi
513 4351 585 4418 vult
598 4345 728 4417 rubro?
770 4349 804 4417 N
804 4373 857 4415 am
871 4350 1042 4417 dicendum
1056 4360 1125 4418 erat
1139 4351 1249 4419 τὰνῦν
1264 4353 1444 4439 pescipere,

346 4489 443 4555 quem
456 4487 584 4545 sensum
597 4462 634 4528 in
648 4465 750 4529 ταῦτα
764 4463 883 4530 frustra
897 4486 1029 4551 quoeras.
1073 4466 1170 4551 Lege,
1186 4464 1272 4531 ὥστε
1289 4493 1343 4533 σοι
1356 4467 1446 4553 δόξαι

347 4577 390 4645 τὰ
404 4575 472 4644 κατ’
488 4574 542 4660 ἐμὲ
555 4572 670 4657 λέγειν.

392 4691 466 4757 663.
510 4684 690 4770 δυνάμενύν
699 4688 828 4768 μᾶλλον
844 4689 947 4752 ποιεῖν
965 4686 1011 4772 μὴ
1029 4686 1090 4776 βία
1108 4686 1184 4754 ἀλλ’
1200 4689 1328 4762 ἔκοντος
1340 4692 1450 4760 πάντα
