3850 5700
390 751 434 819 24
864 746 1070 802 ιτιιτωνιοτ

390 920 444 978 τες
463 891 571 987 ῶσπερ
589 894 619 963 οί
637 894 669 962 ἐν
688 897 764 976 ταῖς
784 885 926 983 στήλαις
943 885 1038 962 κατά
1053 886 1184 985 γραφήν
1201 893 1466 984 ἐκτετυπωμένοι
1480 893 1553 962 δια-

390 1025 597 1116 πεπρισμένοι
621 1016 714 1090 κατά
738 1016 804 1103 τάς
828 1020 935 1113 ῥῖνας,
961 1013 1128 1111 γεγονότες
1147 1015 1254 1114 ῶσπερ
1274 1018 1401 1090 λῖσπαι
1460 1014 1553 1090 άλλά

390 1146 514 1222 τούτων
533 1150 630 1219 ἕνεκα
646 1143 741 1219 πάντ’
762 1144 868 1242 ἄνδρα
883 1143 946 1241 χρὴ
962 1143 1088 1217 ἅπαντι
1105 1142 1387 1242 παρακελεύεσθαι
1405 1141 1552 1239 εὐσεβεῖν

391 1277 465 1372 περὶ
487 1271 593 1363 θεούς,
626 1276 680 1346 ίνα
707 1272 752 1345 τά
777 1275 833 1366 μὲν
862 1270 1069 1370 ἐκφόγωμεν,
1102 1279 1165 1345 τῶν
1193 1275 1230 1346 δὲ
1258 1270 1424 1367 τύχωμεν,
1463 1264 1507 1346 ῶν
1534 1270 1576 1346 ὁι

383 1401 494 1500 Ἔρως
515 1398 593 1496 ἡμῖν
619 1398 747 1496 ἡγεμών
772 1404 831 1474 καὶ
856 1397 1052 1498 στρατηγός.
1107 1392 1265 1499 ᾧμηδεὶς
1284 1404 1418 1474 ἐναντία
1443 1428 1552 1499 πρατ-

391 1537 491 1604 τέτω·
519 1527 657 1626 πράττει
671 1526 699 1601 δ’
718 1531 851 1601 ἐναντία
873 1528 963 1615 όστις
982 1533 1062 1616 θεοῖς
1082 1525 1311 1623 ἀπεχθάνεται.
1363 1532 1459 1627 φίλοι
1485 1527 1552 1627 γάρ

390 1655 553 1753 γενόμενοι
572 1660 632 1730 καί
655 1662 889 1752 διαλλαγέντες
909 1664 955 1756 τῷ
980 1661 1037 1756 θεῷ
1056 1654 1268 1754 ἐξευρήσομέν
1293 1686 1329 1730 τε
1352 1659 1415 1730 καὶ
1442 1662 1553 1733 ἐντευ-

392 1784 511 1880 ξόμεθα
535 1794 603 1871 τοῖς
628 1792 791 1871 παιδικοῖς
811 1795 882 1871 τοῖς
900 1782 1068 1881 ήμετέροις
1092 1782 1220 1875 αότῶν,
1247 1783 1264 1856 ὃ
1286 1792 1350 1858 τῶν
1370 1792 1427 1858 νῦν
1450 1784 1555 1881 όλίγοι

392 1921 530 1989 ποιοῦσι.
571 1916 630 1985 καὶ
647 1910 696 2007 μή
712 1941 765 2007 μοι
782 1910 937 2007 ὑπολάβῃ
950 1910 1170 2010 Ἐρυξίμαχος
1185 1920 1348 2013 κωμῳδῶν
1365 1910 1422 1986 τὸν
1444 1912 1554 2010 λόγον,

393 2040 437 2129 ῶς
457 2044 652 2114 Παυσανίαν
681 2043 741 2114 καὶ
763 2039 936 2136 Ἀγάθωνα
962 2046 1061 2135 λέγω·
1094 2044 1173 2127 ἴσως
1197 2044 1253 2133 μὲν
1278 2038 1343 2138 γάρ
1371 2044 1433 2114 καί
1462 2034 1576 2117 οὖτοιο

392 2167 516 2242 τοότων
537 2166 752 2264 τυγχάνουσιν
772 2167 861 2255 όντες
879 2171 939 2241 καὶ
964 2171 1042 2241 είσὶν
1061 2165 1242 2266 ἀμφότεροι
1260 2167 1321 2262 τήν
1339 2167 1439 2267 φύσιν
1459 2168 1555 2269 α”ρρε-

392 2325 453 2386 νες,
480 2303 564 2393 λέγω
579 2294 605 2370 δ’
625 2289 679 2370 οὖν
696 2301 798 2392 ἔγωγε
811 2294 884 2369 καθ’
904 2293 1061 2370 άπάντων
1077 2299 1137 2369 καί
1154 2294 1277 2395 ἀνδρῶν
1295 2300 1554 2394 καὶγυναικῶν,

393 2424 445 2502 ότι
462 2423 565 2511 οὕτως
587 2423 627 2498 άν
648 2423 739 2519 ήμῶν
755 2423 793 2498 τά
813 2430 904 2519 γένος
926 2422 1078 2518 εόδαιμον
1098 2431 1241 2520 γένοιτο,
1268 2430 1296 2498 εῖ
1319 2430 1556 2523 ἐκτελέσαιμεν

393 2553 449 2627 τόν
470 2557 576 2650 ἔρωτα
597 2555 738 2625 καὶτῶν
760 2559 919 2625 παιδικῶν
941 2559 1005 2625 τῶν
1030 2551 1134 2626 αὑτοῦ
1152 2557 1293 2640 ἕκαστος
1310 2551 1404 2648 τόχοι
1421 2559 1475 2642 είς
1493 2554 1557 2651 τὴν

395 2678 537 2777 άρχαίαν
556 2677 700 2752 άπελθῶν
720 2677 827 2776 φόσιν.
881 2684 909 2752 εί
927 2683 964 2753 δὲ
986 2679 1076 2754 τοῦτ’
1097 2678 1249 2778 άριστον,
1277 2678 1467 2779 άναγκαῖον
1495 2687 1558 2757 καὶ

396 2815 460 2883 τῶν
476 2811 533 2882 νῶν
553 2804 720 2905 παρόντων
737 2805 774 2882 τὸ
790 2805 906 2882 τούτου
926 2807 1099 2905 ἐγγυτάτω
1116 2806 1249 2907 ἄριστον
1267 2809 1358 2884 είναι.
1402 2820 1510 2887 τοῦτο
1526 2810 1556 2887 δ’

396 2939 468 3011 ἐστὶ
484 2943 642 3010 παιδικῶν
659 2946 766 3032 τυχεῖν
786 2936 882 3010 κατά
900 2944 974 3010 νοῶν
997 2936 1088 3037 αὐτῷ
1105 2937 1305 3035 πεφυκότων.
1359 2931 1396 3013 οὗ
1422 2939 1470 3035 δή
1499 2941 1558 3016 τὸν

398 3068 501 3140 αίτιον
518 3063 583 3139 θεὸν
603 3062 777 3159 ὑμνοῦντες
792 3068 927 3151 δικαίως
945 3064 986 3138 άν
1005 3064 1156 3161 ὑμνοῖμεν
1165 3064 1321 3164 Ἔρωτα,
1349 3066 1385 3154 ὃς
1401 3073 1436 3140 έν
1454 3098 1493 3143 τε
1509 3077 1585 3171 τῷ(1

397 3191 533 3290 παρόντι
549 3191 641 3288 ἡμᾶς
656 3199 797 3267 πλεῖστα
814 3191 953 3286 όνίνησιν
974 3198 1018 3280 είς
1036 3193 1074 3268 τὸ
1099 3199 1213 3268 οῖκεῖον
1233 3193 1341 3291 άγων,
1368 3199 1430 3270 καὶ
1449 3202 1499 3286 είς
1518 3199 1560 3273 τὸ

399 3318 494 3394 ἔπειτ’
527 3325 663 3408 ἐλπιδας
686 3324 845 3417 μεγίστας
873 3328 1069 3420 παρέχεται,
1101 3321 1193 3418 ήμῶν
1220 3331 1447 3421 παρεχομένων
1477 3326 1562 3424 πρὸς

399 3446 487 3534 θεούς
504 3446 687 3543 εῶσέβειαν,
713 3447 939 3544 καταστήσας
954 3449 1049 3545 ήμοῖς
1066 3455 1111 3538 είς
1131 3449 1192 3546 τήν
1213 3449 1353 3549 άρχαίαν
1371 3451 1474 3551 φύσιν
1497 3458 1561 3529 καὶ

400 3575 576 3671 ἰασάμενος
603 3582 786 3675 μακαρίους
811 3581 871 3651 καὶ
897 3576 1094 3674 εὐδαίμονας
1120 3576 1273 3672 ποιήσειν.

476 3705 586 3781 XVII.
640 3698 765 3796 Οὗτος,
798 3711 880 3803 ἔφη,
915 3700 1181 3804 ῶἘρυξίμαχε,
1215 3705 1334 3802 όέμὸς
1357 3705 1458 3804 λόγος
1487 3715 1561 3786 ἐστὶ

400 3835 472 3930 περὶ
486 3830 653 3929 Ἔρωτος,
680 3831 810 3921 ἀλλοῖος
831 3832 888 3928 ήό
911 3831 978 3921 σός.
1032 3834 1138 3932 ὅσπερ
1162 3829 1217 3908 οὖν
1241 3832 1373 3930 ἐδεήθην
1400 3864 1483 3929 σου,
1512 3840 1560 3935 μή

400 3960 605 4064 κωμφδήσης
621 3959 736 4052 αῶτόν,
763 3964 817 4036 ίνα
834 3965 893 4036 καὶ
911 3969 975 4035 τῶν
993 3967 1111 4037 λοιπῶν
1129 3961 1332 4057 άκούσωμεν,
1358 3966 1394 4037 τί
1410 3969 1561 4055 ἕκαστος

401 4097 480 4188 ἐρεῖ,
507 4095 631 4183 μάλλον
652 4093 689 4164 δὲ
705 4092 740 4163 τί
757 4087 928 4188 ἑκάτερος·
952 4088 1101 4186 Ἀγάθων
1122 4091 1187 4188 γάρ
1205 4094 1265 4165 καὶ
1283 4091 1475 4189 Σωκράτης
1495 4101 1582 4170 λοι·ο

401 4222 464 4295 ποί.
513 4215 622 4291 Ἀλλά
647 4220 803 4314 πείσομαί
827 4246 895 4308 σοι,
925 4223 989 4316 ἔφη
1016 4216 1120 4315 φάναι
1145 4218 1199 4292 τὸν
1222 4217 1461 4317 Ἐρυξίμαχον·
1499 4228 1560 4298 καὶ

400 4345 465 4443 γάρ
484 4373 538 4440 μοι
555 4343 571 4418 ὁ
591 4343 686 4441 λόγος
702 4343 805 4440 ἡδέως
820 4345 944 4444 ἐρρήθη.
999 4349 1059 4420 καὶ
1074 4351 1102 4419 εί
1119 4345 1165 4441 μή
1184 4344 1308 4442 ξυνήδη
1324 4347 1505 4445 Σωκράτει
1522 4380 1561 4426 τε

400 4475 460 4545 καὶ
472 4470 633 4568 Ἀγάθωνι
648 4480 761 4560 δεινοῖς
776 4468 850 4548 οόσι
867 4478 938 4570 περὶ
953 4473 999 4548 τά
1015 4472 1165 4573 ἐρωτικά,
1193 4473 1279 4548 πάνυ
1296 4473 1338 4548 άν
1355 4476 1560 4575 ἐφοβούμην,

401 4598 448 4696 μή
472 4598 662 4698 άπορήσωσι
685 4598 786 4697 λόγων
809 4601 867 4676 διά
887 4602 924 4675 τό
945 4601 1053 4677 πολλά
1077 4606 1137 4677 καὶ
1158 4603 1360 4677 παντοδαπά
1387 4609 1559 4703 εἰρῆσθαι·

344 4748 392 4796 1⁹4
401 4737 456 4802 νῦν
472 4726 500 4801 δ’
520 4728 606 4822 ὅμως
622 4735 735 4827 θαρρῶ.
780 4729 843 4803 Τὸν
865 4724 918 4804 οὖν
939 4729 1108 4829 Σωκράτη
1127 4735 1243 4820 εἰπεῖν,
1271 4737 1393 4819 Καλῶς
1409 4733 1479 4833 γάρ
1499 4735 1583 4811 αὖ..

401 4856 458 4944 τὸς
482 4853 657 4953 ήγῶνισαι,
685 4851 941 4955 ῶἘρυξίμαχε.
996 4862 1083 4932 εἰδὲ
1107 4865 1209 4955 γένοιο
1236 4853 1273 4933 οὗ
1300 4864 1358 4933 νῶν
1387 4860 1452 4957 ἐγῶ
1481 4869 1560 4960 εἰμι,
