3850 5700
404 801 462 869 xvi
664 822 708 868 nu
729 822 886 869 merome
906 823 1048 869 ruamus
1069 822 1233 869 ermom.

447 1000 563 1066 782-3.
608 1000 673 1068 Τοῦ
698 1001 846 1085 λέγοντος
874 1000 958 1068 ἀλλο
986 1027 1019 1067 τι
1047 1000 1110 1067 δεῖν
1137 1001 1298 1089 πράττειν,
1323 997 1412 1081 πλὴν
1439 996 1501 1069 τὰς

406 1108 516 1193 ἡδονὰς
537 1112 590 1178 καὶ
611 1110 778 1196 ἐπιθυμίας
800 1112 856 1183 τάς
878 1111 952 1200 περὶ
974 1111 1102 1179 ἅπαντα
1124 1115 1226 1179 ταῦτα
1246 1112 1497 1199 ἀποπληροῦντα

403 1220 508 1304 λύπης
528 1228 584 1306 τῆς
604 1223 733 1305 ἀπάσης
753 1222 803 1289 ἀεῖ
824 1223 888 1290 δεῖν
913 1227 1004 1312 σφάς
1020 1223 1250 1290 ἀπαλλάττειν.
1298 1223 1376 1289 Fuit
1396 1245 1496 1309 quum

404 1334 578 1421 suspicarer
599 1333 662 1401 δεῖν
680 1336 845 1402 sententiae
866 1336 1054 1423 adjuvandae
1076 1358 1170 1401 eausa
1194 1359 1214 1401 a
1234 1335 1338 1400 neseio
1360 1356 1423 1421 quo
1444 1333 1495 1397 in-

404 1454 537 1513 trusum.
582 1446 646 1514 sed
663 1447 794 1515 fortasse
810 1470 898 1514 moro
916 1448 1039 1534 stupori
1052 1447 1275 1535 imputandum
1289 1447 1398 1512 literas
1410 1445 1497 1510 Aer

404 1558 586 1647 repetentis.

447 1670 563 1737 790-1.
608 1668 685 1735 ὅταν
698 1667 752 1735 οὖν
763 1667 876 1753 ἔξωθέν
884 1695 937 1740 τις
948 1668 1118 1766 προσφέρη
1131 1672 1197 1738 τοῖς
1210 1667 1362 1738 τοιούτοις
1374 1666 1497 1732 πάθεσι

404 1775 548 1864 σεισμόν,
562 1779 582 1860 ή
597 1780 659 1844 τῶν
673 1777 786 1862 ἔξωθεν
804 1782 914 1866 κροτεῖ
930 1777 1052 1861 κίνησις
1071 1778 1312 1868 προσφερομένη
1332 1776 1390 1860 τήν
1409 1777 1497 1849 ἐντὸς

404 1892 548 1981 φοβερὰν
571 1891 671 1957 οὖσαν
696 1890 750 1958 καὶ
772 1890 907 1974 μανικὴν
930 1889 1063 1973 κίνησιν,
1085 1888 1276 1977 κρατήσασα
1298 1889 1332 1955 δὲ
1353 1888 1498 1973 γαλήνην

403 2002 543 2093 ἡσυχίαν
562 2028 598 2069 τε
618 2002 652 2069 ἐν
672 2006 711 2089 πή
732 2007 829 2092 φνχῇ
851 2002 997 2092 φαίνεται
1017 2002 1262 2092 ἀπεργασαμένη
1283 2006 1340 2085 τῆς
1359 2001 1434 2091 περὶ
1455 2002 1499 2069 τά

402 2120 459 2199 τῆς
472 2112 600 2203 καρδίας
613 2118 760 2203 χαλεπῆς
772 2112 936 2198 γενομένης
951 2113 1094 2180 ἑκάστων
1104 2111 1279 2196 πηδήσεως,
1288 2112 1499 2181 παντάπασιν

404 2225 569 2310 ἀγαπητόν
582 2251 623 2302 τι,
637 2224 709 2297 τοὺς
722 2225 780 2310 μὲν
793 2226 894 2294 ὕπνου
906 2225 1081 2315 λαγχάνειν
1094 2230 1187 2301 ποιεῖ,
1201 2225 1274 2297 τούς
1287 2224 1313 2291 δ’
1329 2225 1497 2314 ἐγρηγορέ-

404 2366 462 2410 τας
475 2338 680 2429 ὀρχουμένους
693 2364 729 2405 τε
747 2338 801 2405 καὶ
819 2338 1028 2422 αὐλουμένους
1041 2337 1122 2422 μετὰ
1141 2338 1228 2417 θεῶν,
1244 2338 1290 2409 οῖς
1308 2337 1348 2403 ἂν
1366 2346 1498 2403 καλλιε-

403 2455 528 2539 ροῦντες
549 2449 678 2528 ἔκαστοι
699 2446 808 2530 θύωσι,
831 2450 1062 2539 κατειργάσατο
1084 2449 1154 2516 ἀντὶ
1174 2452 1313 2533 μανικῶν
1334 2450 1408 2533 ἡμῖν
1429 2448 1498 2515 δια-

405 2559 521 2627 θέσεων
545 2560 624 2645 έξεις
649 2560 804 2649 ἔμφρονας
830 2559 923 2648 ἔχειν.
978 2560 1043 2627 Pro
1067 2559 1108 2626 τὰ
1132 2558 1188 2641 τὴς
1212 2584 1253 2626 ex
1278 2560 1498 2647 dittographia

403 2673 482 2740 ortis
495 2696 611 2761 repone
625 2672 691 2753 τάς,
705 2680 737 2739 et
751 2672 822 2760 lege
836 2671 1045 2739 παντάπασιν
1063 2672 1185 2755 ἡγεῖται
1203 2670 1369 2755 ἀγαπητὸν
1382 2671 1411 2737 ει’
1423 2671 1499 2742 τοὺς

402 2784 462 2869 μὲν
481 2782 582 2852 ὕπνον
604 2783 688 2852 κ.τ.έ.
732 2784 804 2859 Quo
825 2783 909 2851 foetu
931 2784 1041 2851 stetim
1059 2784 1180 2851 videbis
1199 2782 1345 2872 φαίνεται
1364 2790 1499 2871 propter

404 2919 471 2963 non
488 2895 682 2963 intellectam
700 2895 850 2963 orationis
869 2903 1061 2963 structuram
1081 2919 1147 2962 non
1163 2897 1333 2963 admodum
1349 2903 1421 2983 apte
1439 2921 1497 2963 ex·

404 3007 588 3096 cogitatum.
632 3007 681 3074 Ut
699 3008 753 3075 hio
776 3005 805 3073 εῖ
825 3008 862 3074 in
884 3033 916 3073 τι
940 3007 986 3074 sio
1007 3014 1118 3074 eontra
1140 3007 1176 3073 in
1198 3001 1261 3074 740
1284 3006 1351 3073 τισὶ
1372 3007 1408 3072 in
1432 3007 1499 3073 εἰσὶ

404 3129 589 3209 corruptum
612 3127 669 3201 est,
695 3120 751 3211 ubi
775 3120 949 3208 legendum
976 3118 1044 3186 τισὶ
1071 3123 1178 3203 τιμαῖς
1205 3144 1241 3185 τε
1267 3118 1321 3186 καὶ
1346 3117 1498 3202 ἀτιμίαις.

404 3233 564 3301 Praeterea
576 3255 635 3319 pro
648 3230 856 3315 αὐλουμένους
869 3231 991 3319 requiri
1003 3232 1131 3300 videtur
1145 3230 1422 3315 καταυλουμένους.

449 3343 529 3418 Quis
539 3343 633 3430 poulo
646 3343 803 3410 eordatior
812 3343 848 3409 in
859 3343 921 3410 792
933 3343 1016 3411 ferat
1026 3341 1044 3408 ὃ
1054 3342 1145 3426 νυνδή
1156 3348 1333 3432 προσεῖπον
1344 3344 1386 3415 ὡς
1401 3342 1498 3410 ἵλεων

408 3453 630 3543 [ἀνομάσαςΠ
650 3452 756 3521 autin
770 3455 834 3520 796
848 3453 929 3537 μετὰ
943 3453 1121 3541 φιλονικίας
1141 3480 1176 3521 τε
1195 3454 1249 3521 καὶ
1269 3455 1499 3528 καταστάσεως

405 3564 633 3650 διαπονούμενα
646 3562 746 3653 [μετ’]
760 3563 981 3653 εὐσχήμονοςθ

448 3679 493 3746 In
503 3678 566 3746 798
581 3676 824 3766 διεξεργάζοιτό
838 3677 1055 3766 dittographia
1068 3686 1174 3747 ortum
1188 3687 1254 3760 est3
1273 3680 1310 3763 ἐξ
1322 3687 1354 3746 et
1368 3678 1398 3745 δι
1411 3701 1498 3766 saepe

406 3789 558 3859 oonfundi
576 3789 748 3856 rectissime
767 3790 892 3857 monuit
913 3789 1060 3857 Oobetus.
1103 3790 1191 3857 Hine
1212 3792 1330 3878 duplex
1350 3797 1426 3857 natu
1447 3799 1500 3856 est

405 3901 508 3981 lectio,
523 3899 717 3988 ἐξεργάζοιτο
729 3908 763 3968 et
780 3899 979 3989 διεργάζοιτο,
994 3925 1129 3989 quarum
1142 3902 1200 3969 illa
1213 3903 1408 3990 praeferendo
1421 3910 1481 3968 est.

448 4015 492 4081 In
511 4012 584 4093 817,
598 4013 788 4080 sententiam
806 4014 893 4081 huno
913 4015 955 4080 od
975 4015 1106 4083 modum
1126 4022 1338 4082 oonstruetam
1358 4014 1500 4082 offerumt

405 4125 544 4194 codices.
586 4122 631 4210 μή
645 4122 684 4207 δή
698 4122 808 4209 δόξητε
826 4125 908 4209 ήμάς
925 4123 1039 4214 ῥᾳδίως
1056 4151 1094 4210 γε
1112 4127 1210 4198 οὕτως
1228 4125 1309 4210 ὑμᾶς
1324 4125 1403 4192 ποτὲ
1416 4128 1498 4214 παρ’.

405 4238 481 4322 ήμῖν
493 4236 599 4304 ἐάσειν
612 4235 731 4319 σκηνάς
750 4262 786 4303 τε
801 4234 963 4320 πήξαντας
983 4239 1054 4304 κατ’
1069 4236 1188 4326 ἀγορὰν
1206 4237 1260 4304 καὶ
1277 4235 1501 4325 καλλιφώνους

406 4347 577 4435 ὑποκριτὰς
604 4345 875 4431 εἰσαγαγομένους,
900 4348 1005 4431 μεῖζον
1028 4346 1258 4434 φθεγγομένους
1285 4349 1381 4433 ήμῶν,
1407 4350 1502 4415 ἐπιτ-

405 4461 519 4550 ρέψειν
536 4460 608 4544 ὑμῖν
628 4459 814 4548 δημηγορεῖν
834 4457 913 4547 πρὸς
933 4458 1049 4531 παῖδάς
1070 4485 1105 4526 τε
1125 4458 1179 4526 καὶ
1199 4465 1347 4543 γυναῖκας
1367 4460 1500 4528 καὶτὸν

405 4572 513 4639 πάντα
530 4569 638 4660 ὄχλον,
653 4571 834 4639 τῶναύτῶν
851 4568 1002 4653 λέγοντας
1021 4570 1275 4654 ἐπιτηδευμάτων
1293 4573 1366 4662 πέρι
1386 4571 1432 4658 μή
1454 4576 1500 4640 τὰ

405 4682 486 4750 αὐτὰ
507 4681 588 4770 άπερ
609 4682 705 4766 ἡμεῖς,
728 4680 804 4748 ἀλλ’
827 4679 868 4751 ὡς
889 4678 925 4746 τδ
947 4679 1033 4746 πολὺ
1056 4680 1110 4747 καὶ
1132 4681 1257 4749 ἐναντία
1278 4682 1319 4750 τά
1343 4687 1498 4751 πλεῖστα.
