3850 5700
403 735 446 800 16
890 732 1095 788 ΠΔᾸΤΟΝΟΣ

403 878 491 964 ἐστί,
518 871 694 948 παὺσεται
749 871 823 948 Οὑκ
844 872 885 946 άν
912 871 1044 970 φθάνοις
1064 879 1184 971 λέγων,
1210 871 1315 971 φάναι
1337 872 1393 948 τάν
1414 873 1570 974 Ἀριστο-

403 1001 511 1100 φάνη·
539 1001 602 1098 ἐγω
629 1006 665 1075 δὲ
692 1008 805 1075 ταὺτα
832 999 968 1096 ποιήσω.

481 1135 552 1203 ΧΠ.
608 1134 718 1204 Είπεῖν
736 1130 779 1225 δὴ
800 1129 854 1204 τὸν
873 1127 1109 1226 Ἐρυξίμαχον,
1137 1136 1235 1204 Δοκεῖ
1256 1135 1362 1204 τοίνυν
1382 1158 1438 1226 μοι
1459 1130 1569 1228 άναγ-

404 1269 497 1334 καῖον
524 1257 624 1349 εἶναι,
652 1257 764 1351 ἐπειδὴ
786 1260 984 1345 Παυσανίας
1002 1255 1152 1356 ὁρμήσας
1169 1262 1222 1331 ἐπὶ
1247 1257 1302 1333 τὸν
1327 1258 1421 1356 λόγον
1449 1264 1570 1348 καλῶς

345 1408 394 1455 186
405 1385 465 1483 οὑχ
482 1392 602 1474 ῖκανως
619 1386 812 1478 άπετελεσε,
839 1391 1013 1484 πειρᾶσθαι
1029 1393 1121 1473 τέλος
1139 1392 1291 1461 ἐπιθεῖναι
1308 1395 1354 1488 τῷ
1375 1386 1473 1489 λόγῳ.
1529 1387 1592 1463 τέο

405 1520 461 1611 μὲν
485 1515 550 1614 γάρ
575 1522 709 1589 διπλοῦν
730 1514 812 1588 εἶναι
832 1514 886 1589 τὸν
908 1513 1047 1613 Ἔρωτα
1065 1523 1157 1589 δοκεῖ
1180 1542 1233 1610 μοι
1255 1522 1367 1602 καλῶς
1389 1521 1566 1591 διελέσθαι

405 1643 442 1719 οὑ
459 1674 492 1718 τι
509 1644 601 1738 μόνον
620 1642 647 1717 δ’
667 1646 719 1717 ἐπὶ
735 1653 810 1730 ταῖς
826 1646 949 1742 ψυχαῖς
967 1650 1029 1716 τῶν
1048 1641 1220 1741 άνθρὺπων
1238 1642 1316 1741 πρὸς
1333 1641 1410 1731 τοὺς
1427 1643 1568 1736 καλούς,

406 1771 496 1846 άλλοὶ
513 1777 573 1846 καὶ
591 1771 671 1869 πρὸς
688 1770 778 1845 άλλα
796 1770 904 1845 πολλοὶ
923 1774 982 1846 καὶ
1000 1776 1031 1843 ἐν
1049 1781 1119 1859 τοῖς
1137 1770 1265 1862 άλλοις,
1292 1781 1360 1859 τοῖς
1377 1802 1415 1846 τε
1430 1771 1569 1868 σώμασι

405 1900 536 1981 πάντων
561 1907 624 1973 τῶν
648 1897 734 2000 ζῷων
758 1903 818 1973 καὶ
843 1909 911 1986 τοῖς
931 1905 962 1973 ἐν
987 1906 1030 1995 τῷ
1052 1908 1097 1995 γῇ
1119 1907 1288 1998 φυομένοις
1311 1905 1387 1991 καί,
1415 1900 1461 1989 ὑς
1489 1908 1569 1991 ἐπος

405 2035 520 2120 εἰπεῖν,
548 2035 580 2101 ἐν
600 2036 684 2102 τοῖσι
702 2038 770 2116 τοῖς
789 2020 877 2111 οὑσι,
904 2023 1148 2125 καθεωρακέναι
1170 2057 1224 2124 μοι
1242 2036 1326 2103 δοκι]
1344 2034 1383 2102 ἐκ
1400 2034 1465 2121 τῆς
1485 2028 1567 2127 ἡμε-

405 2164 504 2254 τέρας
523 2165 651 2251 τέχνης,
679 2155 722 2243 ὑς
741 2163 845 2252 μέγας
860 2159 921 2230 καὶ
939 2155 1130 2251 θαυμαστὸς
1146 2160 1206 2231 καὶ
1223 2160 1278 2229 ἐπὶ
1296 2164 1360 2232 πάν
1378 2155 1394 2231 ὁ
1413 2156 1484 2247 θεὸς
1502 2162 1593 2233 τείν

405 2314 451 2361 νει
470 2289 529 2359 καὶ
549 2283 623 2359 κατ’
643 2282 828 2383 άνθράπινα
847 2288 908 2358 καὶ
926 2284 1020 2358 κατὰ
1040 2290 1109 2359 θεῖα
1127 2284 1322 2383 πράγματα.
1368 2283 1565 2384 άρξομαιδ

406 2412 473 2488 άπὸ
498 2421 561 2507 τῆς
587 2418 739 2511 ἰατρικῆς
762 2420 881 2509 λέγων,
908 2415 963 2486 ἵνα
985 2416 1045 2486 καὶ
1070 2411 1235 2510 πρεσβεύω
1262 2441 1323 2509 μου
1350 2412 1410 2507 τὴν
1434 2422 1567 2511 τέχνην.

402 2540 447 2614 Ἦ
469 2542 535 2640 γάρ
555 2541 652 2639 φὺσις
674 2548 737 2614 τῶν
765 2540 925 2636 σωμάτιον
952 2539 1006 2615 τὸν
1026 2546 1161 2615 διπλοῦν
1178 2540 1318 2640 Ἔρωτα
1343 2549 1460 2618 τοῦτον
1492 2550 1566 2641 ἔχει.

406 2668 444 2743 τὸ
463 2669 528 2768 γάρ
546 2667 634 2764 ὑγιὲς
651 2677 708 2743 τοῦ
726 2666 878 2764 σώματος
901 2674 960 2743 καὶ
984 2670 1020 2743 τὸ
1038 2677 1152 2744 νοσοὺν
1170 2668 1431 2767 ὁμολογουμένως
1453 2672 1567 2772 ἔτερὸν

406 2801 518 2872 τεκαὶ
534 2795 679 2893 άνθμοάν
697 2802 775 2871 ἐστι.
810 2796 847 2872 τὸ
864 2796 891 2872 δ’
910 2796 1059 2895 άνίμοιον
1077 2796 1234 2894 άνομοίων
1253 2804 1400 2895 ἐπιθυμεῖ
1413 2803 1477 2875 καὶ
1495 2807 1567 2903 έρῷ.

406 2925 507 3014 άλλος
527 2930 583 3021 μὲν
608 2920 662 3001 οὑν
681 2924 696 2999 ὁ
718 2930 771 3000 ἐπὶ
792 2936 837 3027 τῷ
855 2925 981 3028 ὑγιεινῷ
1001 2933 1098 3025 ἐρως,
1126 2927 1227 3031 άλλος
1243 2926 1271 3002 δ’
1293 2927 1308 3002 ὁ
1326 2932 1380 3002 ἐπὶ
1397 2936 1444 3030 τῷ
1464 2929 1568 3006 νοσὺ-

405 3064 461 3130 δει.
516 3061 564 3129 ἐτι
583 3063 635 3139 δέ,
663 3055 769 3153 ὥσπερ
793 3054 869 3153 άρτι
892 3059 1089 3142 Παυσανίας
1113 3061 1222 3152 ἔλεγε,
1249 3066 1316 3144 τοῖς
1341 3061 1397 3152 μέν
1425 3055 1569 3154 άγαθοῖς

406 3183 506 3258 καλὸν
531 3188 717 3282 χαρίζεσθαι
743 3191 806 3257 τῶν
832 3182 1022 3280 άνθρῷπων,
1049 3193 1117 3271 τοῖς
1139 3183 1166 3257 δ’
1189 3183 1390 3273 άκολάστοις
1416 3187 1567 3286 αίσχρὸν,

407 3313 490 3386 οὕτω
507 3316 567 3385 καὶ
589 3316 619 3383 ἐν
639 3310 751 3398 αὑτοῖς
769 3322 837 3399 τοῖς
859 3310 992 3406 σώμασι
1014 3315 1082 3401 τοῖς
1103 3317 1158 3407 μὲν
1180 3310 1316 3409 άγαθοῖς
1337 3312 1484 3389 ἑκάστου
1504 3320 1567 3390 τοὺ
1578 3345 1592 3377 e

407 3437 560 3534 σώματος
577 3442 637 3512 καὶ
651 3437 796 3534 ὑγιεινοῖς
812 3440 914 3515 καλὸν
930 3445 1117 3539 χαρίζεσθαι
1131 3445 1191 3515 καὶ
1207 3449 1266 3531 δεῖ,
1287 3445 1347 3515 καὶ
1362 3440 1450 3516 τοῦτ’
1473 3449 1568 3518 ἔστιν

408 3560 606 3668 ῷὸνοματὺ
628 3567 791 3666 ἰατρικόν,
818 3578 888 3657 τοῖς
909 3572 946 3643 δὲ
968 3580 1085 3656 κακοῖς
1101 3572 1161 3643 καὶ
1180 3568 1346 3644 νοσάδεσιν
1367 3570 1502 3669 αἰσχράν
1521 3602 1569 3647 Ξτε

407 3701 467 3770 καὶ
480 3704 531 3769 δεῖ
546 3693 752 3793 άχαριστεῖν,
780 3701 807 3770 εί
829 3703 936 3792 μέλλει
956 3726 1006 3785 τις
1024 3697 1167 3794 τεχνικὸς
1187 3696 1277 3774 εἶναι.
1331 3704 1401 3772 ἐστι
1421 3698 1491 3798 γάρ
1514 3706 1568 3775 ία-

407 3824 516 3923 τρική,
543 3823 586 3912 ὑς
602 3830 635 3897 ἐν
650 3829 820 3925 κεφαλαίῳ
837 3826 945 3916 εἰπεῖν,Ι
971 3824 1137 3922 ἐπιστήμη
1155 3834 1218 3901 τῷν
1236 3832 1295 3901 τοὺ
1314 3826 1468 3921 σώματος
1488 3835 1568 3928 ἐρω-

408 3961 506 4027 τικῶν
526 3953 605 4052 πρὸς
623 3953 812 4049 πλησμονὴν
830 3956 890 4027 καὶ
905 3961 1048 4045 κένωσιν,
1069 3958 1129 4028 καὶ
1145 3953 1161 4028 ὁ
1178 3953 1421 4051 διαγιγνώσκων
1439 3961 1473 4028 ἐν
1490 3957 1568 4032 τοὺ-

407 4111 475 4169 τοις
492 4081 547 4155 τθν
569 4080 670 4155 καλόν
691 4110 727 4155 τε
750 4085 809 4155 καὶ
836 4081 967 4180 αἰσχρὸν
995 4088 1120 4180 ἔρωτα,
1147 4076 1241 4171 οὑτὸς
1265 4088 1352 4157 ἐστιν
1372 4081 1388 4158 ὁ
1408 4085 1569 4183 ἰατρικά·

408 4235 525 4298 τατος·
552 4208 646 4283 καὶὸ
666 4208 881 4304 μεταβάλλειν
903 4200 1017 4301 ποιῶν,
1046 4209 1120 4285 ὥστ’
1141 4208 1219 4286 άντὶ
1234 4219 1293 4285 τοὺ
1314 4218 1422 4311 ἐτέρου
1443 4217 1570 4312 ἔρωτος

408 4338 464 4412 τθν
482 4342 586 4436 ἕτερον
605 4345 760 4424 κτάσθαι,
786 4342 845 4411 καί
865 4337 912 4425 οἱς
929 4338 977 4433 μή
996 4345 1114 4413 ἔνεστιν
1133 4345 1228 4438 ἐρῷς,
1255 4348 1305 4414 δεῖ
1319 4338 1346 4414 δ’
1365 4346 1568 4436 ἐγγενέσθαι,

369 4509 372 4513 -
409 4465 622 4559 ἐπιστάμενος
643 4471 821 4562 ἐμποιῆσαι
845 4471 905 4540 καὶ
929 4465 1026 4541 ἐάντ’
1048 4469 1182 4558 ἐξελεῖν,
1209 4465 1334 4564 άγαθθς
1359 4468 1399 4542 άν
1425 4472 1479 4564 εἴη
1508 4479 1568 4566 δη·

409 4592 569 4692 μιουργίς.
620 4603 671 4668 δεῖ
694 4593 758 4693 γάρ
784 4594 826 4688 δὴ
854 4594 899 4668 τά
925 4601 1057 4691 ἔχθιστα
1080 4594 1161 4670 ὄντα
1185 4602 1217 4670 ἐν
1241 4605 1287 4698 τῷ
1313 4595 1444 4690 σώματι
1466 4604 1569 4696 φίλια

410 4721 474 4796 υἱόν
492 4720 519 4794 τ’
540 4720 622 4794 εἶναι
639 4732 736 4795 ποιεῖν
758 4727 816 4796 καὶ
833 4728 909 4821 ἐρᾶν
933 4722 1095 4815 άλλήλων.
1150 4720 1220 4798 ἐστι
1243 4724 1269 4798 δ’
1289 4730 1421 4822 ἔχθιστα
1441 4725 1567 4802 τάναν-

409 4848 578 4942 τιὺτατα,
605 4849 726 4949 ψυχρὸν
750 4857 868 4951 θερμῷ,
895 4850 1007 4950 πικρὸν
1032 4858 1163 4947 γλυκεῖ,
1192 4852 1287 4952 ξηρὸν
1313 4851 1420 4957 ὑγρῷ,
1449 4854 1568 4932 πάντα
