3850 5700
345 812 415 879 xxii
610 835 653 884 aa
675 834 831 880 raamias
852 836 991 881 amians
1013 836 1177 882 amatote

389 1011 461 1076 694.
508 1011 598 1098 Φέρει
621 1012 698 1095 ηοῦν
719 1013 794 1097 ἡμῖν
815 1012 938 1100 σκέψιν
957 1017 1049 1081 τοῦτο
1071 1012 1119 1101 ἐφ’
1140 1013 1218 1100 ὅπερ
1240 1011 1439 1100 ὡρμήκαμεν.

345 1121 434 1210 Lege
448 1126 512 1197 τοῦ,
528 1121 577 1211 ἐφ’
592 1123 679 1212 ὅπερ.
723 1125 804 1191 Mox
817 1125 959 1191 deleatur
974 1124 1092 1191 τούτων
1105 1127 1190 1191 inter
1205 1123 1335 1212 ἐπιδεεῖς
1348 1123 1445 1193 ὄντος

345 1240 378 1298 et
393 1231 513 1303 οὐδενὸς
526 1235 675 1320 positum.

387 1343 431 1409 In
446 1346 518 1424 695,
534 1346 606 1411 duae
624 1354 700 1413 eunt
716 1347 847 1426 laeunae,
862 1348 962 1414 altera
979 1348 1064 1414 inter
1083 1344 1327 1436 παραλαβόντες
1344 1344 1371 1411 δ’
1387 1345 1445 1411 οὖν

346 1452 378 1519 οἱ
389 1453 498 1534 παῖδες
512 1455 759 1539 τελευτήσαντος
773 1456 881 1547 Κύρου
903 1504 1102 1527 .......
1123 1462 1243 1547 τρυφῆς
1259 1456 1372 1541 μεστοί
1387 1456 1445 1523 καὶ

345 1564 585 1651 ἀνεπιπληξίας,
609 1570 805 1636 desideratur
830 1571 916 1636 enim
937 1569 996 1651 τὴν
1018 1570 1129 1659 ἀρχὴν,
1153 1595 1212 1636 nec
1236 1568 1349 1653 μεστοὶ
1372 1569 1446 1635 sine

345 1680 512 1766 partieipia
522 1680 599 1767 poni
609 1680 701 1747 lieet:
718 1682 818 1747 altera
831 1680 1041 1769 post-fletae,
1054 1683 1110 1769 qui
1119 1682 1333 1748 nominativus
1343 1683 1445 1748 verbo

344 1800 448 1871 earet3
474 1791 514 1857 iia
533 1801 639 1858 autem
656 1816 727 1879 quae
744 1795 786 1858 ad
802 1794 937 1859 Darium
955 1795 1019 1859 diei
1033 1795 1200 1881 finguntur
1218 1793 1340 1879 aliquid
1359 1817 1444 1880 prae·

345 1903 478 1969 missum
491 1902 588 1970 fuerit
601 1928 725 1970 neeesse
739 1911 796 1983 eat,
811 1926 853 1969 ne
866 1904 961 1971 nimie
976 1905 1111 1991 abrupta
1130 1911 1210 1970 esset
1224 1903 1334 1969 oratio.
1379 1927 1442 1970 ve.

346 2012 435 2079 οὐδὲν
449 2011 633 2097 θαυμαστὸν
648 2012 727 2093 εῖ-,
743 2022 813 2080 tum
828 2022 1012 2101 sequeretur
1025 2016 1065 2081 de
1079 2015 1197 2081 Xerxis
1211 2017 1395 2102 arrogantia
1409 2023 1445 2081 et

345 2126 525 2196 calamitate
547 2149 659 2192 sermo.
715 2124 791 2211 Quae
811 2148 882 2193 aero
907 2148 971 2192 κοα
993 2126 1054 2212 ipsi
1074 2130 1130 2192 sed
1145 2127 1241 2213 patri
1265 2127 1318 2213 qai
1331 2127 1445 2213 filiam

343 2260 441 2324 ρτυοα
456 2237 631 2305 educaverit
645 2236 872 2324 imputandam.
909 2235 956 2302 Εἰ
968 2236 1027 2321 μὲν
1040 2237 1095 2303 οὖν
1105 2237 1167 2304 τινὶ
1181 2235 1443 2321 ἐπιπλήττοιμεν,

346 2349 496 2422 ἐάσαντες
517 2348 572 2415 τὸν
595 2348 723 2436 Ξέρξην,
741 2347 766 2414 ὦ
784 2349 899 2437 Δαρεῖε
920 2349 1004 2415 κ.τ.έ.
1047 2349 1139 2416 Aliae
1155 2350 1285 2416 lacunas
1301 2351 1446 2417 breviter

346 2461 500 2527 indicabo.
538 2461 581 2525 In
592 2461 665 2539 737,
675 2484 783 2526 sensus
797 2462 867 2526 hiat
880 2462 965 2526 inter
975 2462 1072 2527 verba
1085 2459 1322 2548 πλησιοχώρων
1331 2459 1448 2533 πόλεις

346 2579 380 2637 et
389 2576 446 2653 ιγῆς
456 2568 522 2653 μὲν.
552 2569 664 2636 Unum
674 2570 786 2636 saltem
795 2570 909 2636 folium
918 2570 1049 2656 perierit
1059 2594 1184 2637 neeesse
1195 2579 1242 2638 est
1252 2572 1337 2638 inter
1345 2574 1447 2639 verba

347 2703 418 2767 quae
431 2702 517 2745 nune
531 2678 725 2766 conjunctim
738 2680 891 2767 leguntur
904 2680 940 2746 in
955 2681 1029 2747 738.
1075 2683 1186 2748 Ταῦτα
1199 2682 1257 2767 μὲν
1271 2683 1325 2749 οὖν
1339 2682 1447 2766 δὴκαὶ

347 2788 430 2861 κατὰ
453 2788 578 2880 σχολὴν
599 2835 799 2856 .......
828 2790 1052 2879 (supplendum
1074 2794 1323 2863 retractabimus.
1379 2796 1448 2862 Illa

347 2927 423 2970 vero
437 2903 479 2969 ad
492 2916 660 2968 numerum
674 2904 737 2968 τῶν
747 2901 872 2991 κλήρων
882 2906 1039 2990 spectant)
1059 2952 1223 2972 ......
1241 2906 1289 2972 δεῖ
1300 2907 1449 2987 βεβαίως
1472 2984 1475 2990 ¹

347 3017 471 3096 λαβεῖν,
487 3015 532 3085 οἷς
545 3013 585 3080 ῶν
599 3012 616 3077 ὃ
631 3012 723 3098 νόμος
737 3011 924 3101 προστάττῃ
937 3013 1126 3097 λαμβάνειν,
1142 3041 1213 3104 quae
1232 3020 1272 3084 de
1290 3019 1362 3084 Diis
1379 3020 1449 3086 (liei

347 3128 506 3207 videntur,
519 3150 654 3213 quoram
664 3150 821 3212 quemque
832 3149 922 3191 auam
932 3134 1056 3212 partem
1067 3129 1208 3215 aeeipere
1218 3137 1370 3216 oporteat.
1400 3131 1448 3197 In

348 3239 412 3305 727
430 3238 619 3324 legendum:
646 3236 739 3303 Οὕτω
761 3235 799 3319 δὴ
819 3234 876 3318 τὴν
895 3237 992 3303 αὑτοῦ
1010 3236 1125 3326 ψυχὴν
1142 3239 1223 3322 μετὰ
1243 3240 1330 3312 θεοὺς
1352 3241 1449 3314 ὄντας

348 3347 505 3419 δεσπότας
540 3347 634 3435 [καὶ]
668 3346 740 3417 τοὺς
776 3345 897 3419 τούτοις
929 3347 1098 3432 ἑπομένους
1128 3356 1225 3436 τιμῶν
1252 3352 1315 3419 δεῖν
1342 3352 1451 3436 λέγων

349 3458 501 3548 δευτέραν,
528 3459 625 3548 ὀρθῶς
653 3457 910 3546 παρακελεύομαι
941 3460 1074 3547 (τιμᾶν).
1132 3465 1219 3553 Τιμᾴ
1248 3463 1274 3530 δ’
1298 3466 1340 3536 ῶς
1369 3464 1450 3537 ἔπος

348 3570 448 3637 εἰπεῖν
476 3571 564 3654 ἡμῶν
595 3568 694 3642 οὐδεὶς
721 3569 819 3658 ὀρθῶς
847 3596 931 3636 κ.τ.ε.
990 3572 1033 3637 In
1062 3573 1136 3652 734,
1166 3576 1378 3661 supplendum
1406 3583 1449 3664 τῇ

349 3686 412 3753 τῶν
433 3683 550 3765 ἡδονῶν
575 3681 719 3770 ἑκάτερος
744 3682 891 3771 ἑκάτερον
918 3682 1110 3772 (ὑπερβολὴ)
1133 3685 1357 3775 ὑπερβάλλων.
1402 3689 1450 3757 In

349 3797 413 3862 802
435 3797 527 3885 lege:
562 3794 702 3884 σώφρονι
726 3794 784 3879 μὲν
809 3793 930 3882 Μούσῃ
956 3794 1010 3861 καὶ
1035 3796 1209 3884 τεταγμένῃ
1234 3798 1447 3890 (ἀκολουθῶν)

348 3907 470 3975 ἀκούων
483 3906 517 3973 δὲ
530 3912 586 3990 τῆς
600 3904 749 3978 ἐναντίας.

391 4022 435 4087 In
459 4021 531 4100 697,
553 4018 608 4085 ἐπὶ
630 4019 677 4085 &a
697 4017 830 4108 χείρους,
852 4018 923 4085 dele
948 4017 1003 4085 ἐπὶ
1027 4044 1068 4086 ex
1089 4020 1307 4109 dittographia
1327 4032 1440 4093 ortum

348 4133 441 4199 Idem
459 4132 495 4198 in
509 4132 573 4197 722
588 4131 777 4210 faciendum,
793 4129 849 4196 ubi
866 4130 961 4197 hodie
980 4130 1101 4217 legitur
1118 4131 1194 4214 ἡμῖν
1212 4131 1246 4199 δὲ
1265 4134 1285 4215 ἡ
1305 4137 1360 4200 νῦν
1379 4134 1452 4203 δια-

348 4242 444 4328 τριβὴ
458 4238 792 4326 ιγεγονυῖα-ὲσημαίνει
806 4240 848 4311 ῶς
861 4239 949 4311 ὄντος
964 4232 1319 4329 (1.ὡς’ὂυ),οἴτέηεδὴ
1334 4245 1454 4316 διπλοῖ

349 4378 433 4420 κτα.
475 4353 675 4440 Expellenda
693 4351 817 4417 inutilia
837 4352 994 4438 particula
1012 4377 1058 4434 ιγε.
1102 4354 1145 4420 In
1165 4355 1230 4422 798
1251 4380 1310 4444 pro
1329 4357 1450 4449 διεξερ-

347 4461 464 4548 γάζοιτ’
479 4463 519 4529 ἂν
531 4465 702 4552 legendum
716 4487 781 4530 esee
797 4461 982 4551 ἐξερηάζοιτ’
997 4461 1045 4538 ἄν,
1060 4489 1155 4553 supra
1168 4469 1287 4534 monui.

391 4577 435 4642 In
452 4576 515 4640 699
534 4576 604 4645 dele
622 4575 777 4643 emblema
796 4573 814 4641 ὅ
833 4601 868 4641 τε
889 4574 942 4663 [ἐκ
958 4578 1021 4643 τῶν
1040 4574 1143 4662 νόμων
1164 4580 1243 4668 τῶν]
1265 4579 1454 4670 ἔμπροσθεν

348 4711 490 4772 ιγεγονως.
