3850 5700
417 811 511 882 mi
679 833 740 878 ,nu
760 831 915 878 rmrorus
935 831 1074 879 tremus
1095 833 1256 880 mmmm.

429 1009 597 1076 Platonem
615 1018 817 1091 revertamur,
833 1018 866 1077 et
879 1011 915 1077 in
928 1034 965 1077 eo
979 1012 1064 1099 quod
1080 1020 1220 1099 superest
1233 1010 1352 1077 charte
1365 1009 1524 1076 nonnulla

431 1144 503 1210 quae
521 1122 557 1186 in
575 1121 665 1187 libris
684 1130 797 1207 quarto
819 1128 851 1188 et
870 1130 959 1188 sexto
981 1122 1122 1188 indicare
1141 1123 1271 1210 neglexi
1289 1122 1430 1188 breviter
1447 1146 1522 1209 per·

432 1232 635 1319 stringamua
678 1232 722 1298 In
736 1256 767 1319 p.
784 1235 857 1313 704,
872 1234 944 1299 init.
960 1234 998 1298 L.
1011 1237 1103 1298 τοῦτο
1119 1232 1177 1317 μὲν
1189 1232 1362 1321 «γάρ-κατ’
1377 1232 1526 1317 οἰκισμὸν

431 1342 527 1426 αὐτῆς
539 1342 560 1425 ή
574 1369 622 1414 τις
640 1342 744 1419 τόπος,
758 1343 780 1427 ή
793 1349 939 1428 ποταμοῦ
957 1344 1040 1415 τινὸς
1057 1343 1078 1427 ἢ
1097 1343 1209 1433 κρήνης
1226 1344 1247 1428 ή
1262 1346 1340 1412 θεῶν
1360 1344 1525 1430 ἐπωνυμία

433 1458 496 1520 τῶν
514 1455 547 1522 ἐν
565 1458 611 1543 τῷ
628 1454 717 1542 τόπῳ
736 1455 890 1545 προσθείη
904 1455 961 1523 τιν’
977 1456 1080 1521 αὐτῶν
1097 1455 1248 1543 φήμην,ή
1266 1460 1357 1542 καινῇ
1373 1456 1526 1542 Ιγενομένη

432 1570 472 1653 τῇ
488 1565 592 1633 πόλει.
629 1568 698 1646 ‚Vel
716 1572 748 1634 ιἰι
767 1569 924 1636 condenda
942 1569 995 1633 vel
1010 1578 1085 1651 poet
1106 1570 1261 1635 conditam
1281 1571 1392 1634 urbem
1410 1576 1525 1655 aptum

434 1703 551 1745 nomen
568 1679 742 1747 invenient.
785 1681 828 1747 In
848 1680 921 1760 708,
940 1682 982 1745 ad
999 1680 1054 1746 fin.
1077 1681 1115 1747 L.
1135 1679 1210 1746 ἀλλ’
1225 1680 1320 1751 ὅντως
1341 1679 1413 1746 ἔστί
1431 1706 1524 1763 νομο-
1583 1686 1587 1692 “

433 1790 525 1857 θεσία
546 1790 600 1858 καί
620 1789 745 1857 πολέων
769 1790 907 1876 οἰκισμοὶ
929 1790 1058 1857 πάντων
1080 1790 1282 1858 τελεωτάτων
1306 1790 1385 1880 πρὸς
1410 1790 1527 1880 ἀρετὴν

432 1902 552 1992 ἀνδρῶν
564 1930 576 1981 ,·
608 1904 763 1970 Dubitare
789 1927 822 1970 se
846 1904 976 1970 simulat
999 1912 1108 1970 utrum
1132 1904 1240 1992 legum
1264 1905 1467 1971 ferendarum
1493 1912 1526 1970 et

432 2015 571 2082 civitatis
593 2015 764 2081 oondendoe
783 2014 914 2081 seientia
933 2038 968 2080 re
986 2038 1063 2081 vera
1080 2017 1123 2081 ad
1140 2017 1225 2083 viros
1244 2039 1374 2082 summae
1392 2016 1526 2081 virtutis

431 2127 598 2214 pertineat,
610 2125 770 2212 quoniam,
782 2132 819 2191 ut
833 2124 940 2213 paullo
953 2126 1039 2191 infra
1053 2128 1206 2205 ostendet,
1221 2149 1338 2213 magna
1352 2127 1394 2192 sit
1409 2134 1442 2192 et
1456 2127 1525 2194 fere

431 2237 547 2304 soloin
565 2237 658 2303 rebus
675 2235 824 2302 humanis
838 2235 975 2303 fortunae
994 2260 1145 2324 casusque
1161 2237 1344 2304 dominatio.
1389 2238 1433 2303 In
1447 2238 1527 2320 710,Ι

431 2347 487 2413 fin.
503 2348 541 2412 L.
562 2345 649 2428 κοινὴ
668 2345 694 2411 δ’
709 2346 795 2433 αὐτῷ
813 2371 861 2417 τις
881 2346 988 2433 ξυμβῇ
1010 2344 1127 2431 ηνώρωη.
1170 2347 1213 2412 In
1233 2348 1306 2427 715,
1320 2348 1391 2414 init.
1410 2348 1449 2414 L.
1471 2349 1528 2415 καὶ

430 2455 549 2545 ἔφαμέν
564 2483 628 2522 που
645 2455 727 2523 κατὰ
744 2455 842 2545 φύσιν
855 2456 910 2523 τὸν
924 2456 1018 2542 νόμον
1032 2456 1120 2541 άιγειν
1134 2457 1311 2525 δικαιοῦντα
1325 2457 1362 2525 τὸ
1375 2458 1526 2539 βιαιότα-

430 2595 493 2643 τον,
515 2568 556 2639 ὡς
576 2567 675 2656 φάναι
693 2568 749 2634 τὸν
766 2567 936 2657 Πίνδαρον.
980 2572 1054 2651 716,
1072 2572 1143 2636 init.
1159 2572 1197 2636 L.
1213 2570 1529 2660 προπορευόμενος-

429 2663 464 2746 et
478 2703 535 2766 pro
550 2678 566 2744 ὁ
581 2677 615 2744 δέ
628 2703 683 2753 τις,
696 2677 784 2750 ὅστις
798 2677 840 2754 δὲ,
851 2703 927 2746 nam
937 2704 1047 2747 vereor
1060 2688 1098 2747 ut
1112 2680 1145 2751 ὃς
1160 2680 1194 2747 δέ
1208 2708 1256 2753 τις
1269 2683 1405 2749 seribere
1418 2683 1526 2749 lioeet

431 2791 524 2859 Infra
544 2814 602 2878 pro
623 2793 833 2879 προσομιλεῖν
854 2788 893 2874 δὴ
916 2794 983 2864 τοῖς
1005 2790 1094 2868 θεοῖς,
1109 2794 1309 2861 scribendum
1331 2820 1365 2861 π.
1386 2792 1435 2860 δεῖ
1453 2821 1485 2861 τ.
1501 2795 1530 2862 θ.

431 2905 474 2971 In
499 2903 572 2984 719,
596 2904 667 2970 init.
691 2905 729 2971 L.
757 2903 774 2970 ὅ
797 2903 831 2971 δὲ
854 2904 1005 2993 προάγων
1028 2905 1124 2990 λόγος
1148 2906 1174 2995 ᾧ
1197 2906 1234 2991 «γε’
1255 2933 1310 2991 μοι
1331 2905 1528 2974 ἀπείκασται

430 3014 590 3100 βούλομαι
609 3016 681 3101 ὑμῖν
695 3016 738 3089 εἰς
757 3017 794 3085 τὸ
815 3016 915 3101 μέσον
931 3017 973 3084 αὖ
992 3018 1099 3083 θεῖναι.
1143 3018 1417 3105 Comparationem
1433 3019 1528 3085 illum

431 3129 623 3195 medicorum
642 3130 809 3216 promittit,
826 3133 865 3196 de
879 3154 942 3218 qua
961 3154 1038 3197 mox
1056 3130 1135 3195 dicit
1152 3132 1196 3217 (p.
1213 3131 1302 3218 723),
1318 3129 1335 3196 δ
1354 3128 1392 3211 δή
1412 3156 1527 3218 τορανι

432 3242 516 3308 νικόν
529 3241 690 3325 ἐπίταγμα
703 3242 900 3308 ἀπεικασθὲν
913 3241 1027 3330 ἐρρήθη
1042 3241 1124 3307 κ.τ.ἔ.
1160 3242 1239 3307 Mox
1253 3241 1376 3306 sublata
1389 3241 1528 3308 ridicule

430 3352 685 3438 interpunctione
698 3352 893 3439 legendum:
917 3352 1051 3418 θάπτειν
1070 3350 1183 3433 ἑαυτήν
1201 3349 1418 3427 διακελεύοιτο,
1433 3351 1468 3416 ἐν
1483 3355 1529 3440 τῷ

432 3461 585 3546 ποιήματι
598 3461 653 3528 τὸν
667 3462 903 3551 ὑπερβάλλοντ’
919 3463 959 3530 ἂν
973 3463 1075 3552 τάφον
1093 3461 1261 3544 ἐπαινοίην.
1305 3464 1348 3530 In
1363 3464 1435 3543 720,
1451 3465 1526 3543 init.

428 3575 499 3641 dele
519 3572 622 3650 αὐτὸν,
643 3576 729 3661 quod
749 3599 791 3642 ex
811 3599 976 3663 perperam
999 3577 1146 3664 repetitio
1166 3574 1289 3640 ultimis
1313 3574 1415 3640 literis
1433 3576 1527 3641 verbi

432 3683 611 3774 πραότατου
621 3694 725 3752 ortum
737 3694 793 3754 eet.
830 3688 873 3754 In
884 3688 957 3768 721,
967 3688 1038 3754 init.
1050 3689 1088 3754 L.
1099 3685 1205 3776 ἔχοιδ
1216 3686 1256 3752 ἂν
1265 3689 1333 3757 πῶς
1343 3712 1355 3762 3
1370 3685 1446 3756 ἴσως
1457 3685 1528 3753 ὧδε.
1553 3748 1558 3767 ‚

435 3797 501 3883 (Sic
511 3799 547 3863 in
558 3799 630 3876 699,
641 3805 721 3863 extr.
731 3797 769 3864 L.
780 3796 817 3864 οὗ
826 3790 910 3881 λεἠω
921 3796 947 3863 δ’
959 3797 1057 3872 ἕνεκα,
1068 3797 1173 3886 ὁρᾶτε·
1188 3797 1225 3862 οὐ
1234 3795 1296 3884 ιγάρ
1303 3797 1328 3883 ,·)
1347 3796 1390 3862 In
1401 3797 1477 3875 722,
1487 3797 1526 3863 Ιι.
1584 3794 1589 3809 ’

432 3907 474 3974 τά
488 3906 514 3972 δ’
529 3909 640 3978 ἐντοῖς
654 3907 745 3990 νυνδή
760 3907 866 3992 νόμοις
879 3908 1021 3997 ῥηθεῖσιν
1035 3909 1071 3974 οὐ
1083 3907 1188 3995 διπλῷ
1201 3907 1319 3996 θάτερα
1337 3911 1400 3974 τῶν
1413 3906 1530 3996 ἑτέρων
1551 3909 1553 3915 ’

431 4020 567 4109 διάφορα
585 4019 687 4104 μόνον,
703 4020 746 4092 εἰς
765 4019 791 4089 δ’
805 4019 918 4109 ἀρετὴν
934 4026 991 4104 τῆς
1008 4021 1131 4110 χρείας,
1141 4019 1219 4108 ὅπερ
1238 4019 1353 4108 ἐρρήθη
1367 4019 1470 4101 νυνδή,
1487 4020 1526 4087 τὸ

431 4136 494 4199 τῶν
512 4132 624 4198 διττῶν
644 4131 758 4220 ῖατρῶν
775 4131 863 4217 «γένος
880 4130 1036 4220 ὀρθότατα
1054 4131 1219 4220 παρετέθη.
1262 4132 1305 4198 In
1320 4133 1393 4212 723,
1408 4131 1465 4197 fin.
1483 4133 1525 4199 L.

434 4246 573 4333 suspicor
591 4245 762 4333 legendum
771 4269 780 4325 ;
803 4244 904 4311 πάλιν
920 4244 1066 4320 οὖν-οῖον,
1085 4243 1185 4333 φασὶν
1204 4243 1236 4310 οἱ
1250 4242 1420 4324 παίζοντες,
1436 4242 1529 4327 ἄμει-

325 4396 329 4403 -
432 4356 527 4423 νόνων
548 4357 733 4447 ἐξάρχοντες
752 4355 910 4444 δευτέρων,
937 4354 1239 4438 ἐπαναπολήσωμεν.
1293 4356 1347 4420 Ex
1368 4354 1430 4421 hoo
1451 4355 1527 4423 Ιοοο
1572 4392 1574 4397 ·

432 4479 517 4536 oerte
544 4476 633 4555 petet
662 4468 977 4556 Paraemiographum
1006 4491 1124 4534 errasse
1152 4469 1209 4556 qui
1235 4468 1343 4547 verba,
1372 4465 1528 4554 δειπέρων

434 4576 610 4663 ἀμεινόνων,
626 4579 819 4646 aeaerifioiis
836 4580 1003 4666 desumpta
1016 4602 1082 4645 osse
1096 4581 1195 4678 docet.
1240 4579 1283 4644 In
1298 4579 1372 4658 751,
1385 4580 1471 4645 med.
1488 4581 1529 4647 L.

435 4690 484 4758 ότι
497 4689 638 4776 μεγάλης
659 4695 713 4773 πῆς
732 4687 916 4775 νομοθεσίας
934 4688 1023 4760 ὄντος
1040 4687 1140 4778 ἔργον,
1156 4692 1201 4777 τῷ
1221 4688 1322 4765 πολιν
1342 4688 1384 4756 αὖ
1404 4714 1530 4777 παρεσ-
