3850 5700
406 824 429 890 ii
667 844 711 889 nn
732 841 890 888 rannerus
911 841 1051 888 caereus
1072 840 1236 886 nmsmna

409 1021 503 1110 gasti,
529 1022 583 1088 hic
611 1043 779 1109 apponam,
804 1042 868 1107 quc
893 1042 1002 1086 omnes
1030 1043 1072 1086 ex
1096 1032 1161 1086 une
1186 1015 1357 1105 specimine
1385 1012 1506 1079 intelli-

409 1139 499 1220 gant,
518 1155 615 1220 quam
635 1132 830 1219 praeclaram,
846 1132 873 1198 si
892 1133 986 1198 modo
1002 1132 1110 1211 velles,
1125 1131 1162 1197 in
1181 1151 1323 1197 sermone
1339 1125 1507 1193 Platonico

410 1265 539 1329 operam
560 1265 703 1309 navares.
748 1243 792 1308 In
810 1242 936 1308 Phileb.
957 1244 1010 1321 58,
1025 1242 1067 1321 A,
1085 1242 1214 1329 legitur.
1257 1242 1357 1328 Hpe:
1381 1237 1453 1303 τίνα
1473 1234 1509 1300 δὲ

410 1352 529 1434 ταύτην
549 1353 590 1419 αὖ
612 1351 659 1418 δεῖ
679 1356 812 1428 nebeim
838 1350 911 1423 Σω;
937 1354 1047 1436 Δῆλον
1068 1353 1118 1419 ὅτι
1137 1351 1159 1435 ἢ
1181 1355 1292 1417 πᾶσαν
1315 1349 1373 1431 τήν
1394 1375 1432 1432 «γε
1454 1350 1511 1413 νῦν

411 1462 584 1549 λεγομένην
599 1462 697 1548 crota
740 1463 929 1530 Rectissime
942 1464 1073 1532 rescribi
1083 1463 1226 1551 jussisti:
1247 1464 1356 1546 Δῆλνν
1374 1460 1424 1526 ὅτι
1444 1462 1511 1529 πᾶς

411 1575 451 1642 ἂν
464 1574 523 1657 τήν
538 1601 576 1659 γε
592 1578 647 1641 νῦν
663 1572 835 1659 λεγομένην
850 1563 948 1657 yreia.
991 1574 1121 1641 Possem
1134 1574 1273 1662 plurima
1286 1573 1349 1639 alia
1363 1570 1510 1657 exempla

410 1687 562 1774 proferre,
577 1688 662 1753 unde
676 1687 833 1754 discerent
846 1686 896 1751 illi
910 1686 946 1751 in
964 1709 1043 1773 quos
1061 1708 1164 1774 nuper
1182 1687 1326 1752 invectus
1343 1706 1414 1749 sum
1432 1704 1507 1749 con·

408 1800 607 1888 jecturarum
626 1797 779 1876 irrisores,
796 1803 830 1863 te
848 1819 974 1884 quoque
990 1796 1027 1862 in
1047 1804 1131 1863 coetu
1148 1804 1257 1863 nostre
1275 1794 1509 1861 numerandum

412 1932 488 1987 csse,
503 1914 614 1995 utpote
628 1907 685 1995 qui
704 1930 776 1973 raro
790 1907 920 1994 quidem
940 1907 1027 1993 apud
1044 1914 1200 1974 nostrates
1219 1906 1275 1973 sed
1295 1913 1404 1972 tamen
1424 1904 1509 1970 salu·

412 2020 551 2087 berrimo
570 2017 716 2104 exemplo
736 2018 823 2083 ultra
844 2015 966 2084 codices
985 2039 1095 2105 sapere
1115 2017 1240 2098 audeas,
1260 2023 1294 2083 et
1312 2023 1369 2082 tuo
1388 2015 1508 2082 (iraeci-

413 2131 490 2198 tatis
509 2128 615 2196 sensui
636 2134 747 2196 contra
768 2126 987 2195 Graeculorum
1009 2137 1170 2215 stuporem
1192 2128 1358 2194 confidere.
1402 2126 1511 2201 Quare

415 2264 482 2308 non
502 2239 678 2318 miraberis,
701 2238 752 2307 vir
779 2239 978 2320 amicissime,
1000 2240 1086 2326 quod
1109 2239 1246 2327 opellam
1267 2261 1372 2305 meam
1391 2238 1428 2304 in
1449 2239 1511 2304 hoc

405 2354 497 2420 'libro
517 2351 704 2420 collocatam
721 2348 783 2414 tibi
801 2349 960 2431 inscrib03
983 2349 1102 2438 quippe
1118 2356 1207 2418 ratus
1225 2373 1296 2415 sum
1311 2350 1429 2416 multos
1442 2349 1511 2416 fore

414 2466 472 2554 qui
495 2462 641 2551 quamvis
664 2458 830 2546 epistelam
855 2466 1010 2547 tanquam
1033 2484 1054 2527 a
1077 2482 1130 2527 me
1150 2461 1302 2547 scriptam
1324 2461 1431 2548 legere
1452 2460 1512 2529 vix

414 2576 634 2664 dignarentur,
650 2577 759 2637 tamen
777 2577 888 2657 utpote
907 2572 949 2638 ad
964 2579 999 2639 te
1017 2572 1146 2638 missam
1164 2573 1319 2659 inspicere
1335 2593 1401 2639 non
1419 2594 1510 2638 reeu-

414 2689 531 2755 sarent.
575 2684 723 2752 Primum
741 2682 844 2771 igitur
859 2683 1016 2754 universa
1034 2684 1258 2771 disputationis
1276 2692 1429 2771 tanquam
1447 2684 1513 2749 duc

414 2797 624 2865 fimdamenta
649 2794 777 2883 jaciam,
803 2815 876 2881 quae
900 2817 977 2862 vera
1002 2794 1068 2861 sint
1092 2818 1192 2863 necne
1216 2803 1287 2863 tute
1310 2794 1510 2885 dijudicabis.

332 2986 333 2990 Ἰ
414 2909 580 2978 Contendo
612 2907 715 2996 igitur
747 2906 809 2973 hoo
845 2928 924 2993 opus
957 2906 1079 2993 duplici
1112 2905 1376 2995 corruptelarum
1393 2929 1512 2996 genere

413 3020 566 3109 quioquid
590 3027 639 3086 est
667 3017 835 3083 literarum
863 3017 1049 3084 Graecarum
1077 3016 1173 3105 longe
1202 3041 1401 3106 exsuperare,
1430 3019 1511 3086 scic·

362 3173 364 3177 <
412 3133 518 3198 lorum
540 3129 776 3208 additamentis,
792 3137 825 3196 et
839 3128 1040 3216 singulorum
1058 3131 1284 3198 vocabulorum
1305 3130 1436 3219 syllabis
1454 3154 1512 3196 ex·

412 3242 524 3310 tremis
540 3262 708 3327 perperam
727 3238 863 3325 scriptis.
909 3239 1074 3312 Quomodo
1088 3249 1196 3307 autem
1214 3241 1249 3308 id
1267 3241 1341 3322 scie,
1355 3240 1513 3328 quibusve

359 3386 364 3394 ·
413 3350 614 3440 argumentis
636 3349 770 3437 probare
792 3350 949 3435 possum?
998 3350 1125 3447 Nempe
1148 3351 1318 3419 sibonum
1341 3375 1512 3419 numerum

413 3466 555 3532 locorum
576 3461 723 3541 attulero,
743 3461 860 3547 quibus
880 3484 940 3528 nec
961 3485 1017 3548 pes
1042 3487 1101 3532 nec
1125 3472 1222 3552 caput
1246 3471 1378 3545 constet,
1397 3465 1513 3551 bisque

413 3577 507 3642 modo
536 3580 655 3640 resecto
684 3572 883 3651 emblemate,
907 3574 1001 3640 modo
1029 3575 1162 3642 mutetis
1189 3577 1341 3643 extremis
1362 3576 1512 3665 syllabis,

413 3687 552 3754 nitorem
573 3692 606 3751 et
630 3707 757 3751 sensum
782 3683 959 3764 restituero,
982 3687 1166 3767 necessario,
1191 3695 1229 3754 ut
1253 3687 1375 3775 opinor,
1401 3711 1512 3775 seque-

414 3806 469 3867 tur
498 3796 617 3863 multas
645 3795 723 3861 alios
753 3795 837 3862 locos
869 3819 946 3876 esse,
976 3797 1033 3884 qui
1065 3798 1204 3866 similem
1232 3800 1426 3868 medicinam
1457 3823 1514 3866 cx·

414 3914 552 3998 pectant.
598 3905 805 3980 Questiouem
827 3906 867 3972 ab
886 3908 1044 3995 exemplis
1065 3917 1167 3976 totam
1189 3912 1328 3999 pendere
1345 3911 1513 4000 intelligis,

414 4043 519 4109 neque
533 4019 561 4086 si
574 4041 642 4084 rem
655 4017 704 4083 ita
717 4040 783 4083 esse
796 4019 980 4105 probavero,
990 4021 1056 4088 ullo
1070 4045 1122 4089 me
1131 4023 1205 4111 jure
1219 4023 1322 4089 teneri
1335 4032 1373 4090 ut
1386 4047 1516 4093 oausam

416 4156 474 4211 cur
498 4132 559 4199 hcc
581 4128 629 4194 ite
653 4126 775 4215 factum
797 4127 840 4194 sit
864 4129 1003 4196 efferam.
1047 4133 1271 4219 Veruntamen¹
1291 4157 1333 4201 ne
1355 4135 1396 4201 de
1419 4158 1516 4203 causa

416 4243 546 4331 quidem
569 4239 722 4307 hariolari
746 4263 866 4306 recuso.
923 4243 1089 4331 Quidquid
1112 4252 1161 4311 est
1185 4253 1331 4313 veterum
1358 4247 1516 4315 librorum

417 4356 521 4441 Leges
534 4352 768 4420 continentium
781 4354 822 4419 ab
837 4375 901 4419 uno
915 4355 1087 4443 eodemque
1101 4356 1184 4444 libro
1197 4380 1341 4426 manasse
1354 4359 1516 4446 suspicer3

416 4468 471 4533 hic
483 4472 600 4544 autem,
614 4473 653 4531 ut
666 4471 754 4552 pute,
770 4463 883 4531 itidem
897 4467 938 4532 ab
951 4491 1016 4535 uno
1029 4469 1137 4537 codice
1150 4471 1327 4559 descriptus
1340 4478 1389 4538 est
1402 4473 1438 4537 in
1452 4495 1517 4560 quo

417 4584 568 4644 extrema
590 4574 720 4662 syllabae
742 4577 938 4662 compendiis
959 4578 1030 4646 voci
1053 4582 1258 4668 superpositis
1277 4584 1517 4662 scribebantur3

416 4691 493 4757 hinc
518 4688 639 4755 factum
661 4693 768 4754 estut
791 4688 848 4774 qui
873 4691 1094 4777 compendiose
1118 4694 1273 4781 scriptum
1298 4696 1440 4763 codicem
1462 4696 1516 4761 de·
