3850 5700
433 811 515 876 xviii
698 833 742 879 ne
764 834 918 879 mercius
939 834 1079 880 creemus
1100 833 1260 879 mrsmm.

434 1009 602 1095 στεφάνων
628 1010 778 1079 πλείοσιν
805 1012 873 1097 ἅμα
897 1012 951 1079 καὶ
979 1009 1150 1078 ελκόττοσιν
1178 1009 1361 1100 ἁρμόττοντ’
1385 1007 1533 1098 ἀριθμόν,

338 1135 342 1141 ’
436 1123 499 1186 τῶν
518 1119 545 1187 τ’
560 1121 602 1187 αὖ
620 1125 749 1189 πυκτῶν
768 1123 822 1190 καὶ
843 1126 1035 1189 παλαιστῶν
1056 1121 1214 1211 ἐφεδρείας
1231 1147 1267 1187 τε
1285 1120 1339 1187 καὶ
1358 1118 1535 1204 σνλληξέις

436 1233 470 1297 ἐν
483 1231 570 1319 μέρει
584 1232 637 1299 καὶ
651 1235 772 1322 ἐφεξῆς,
788 1233 841 1300 καὶ
855 1232 1262 1321 ὡςπεφόκασιγίγνεσθαι.
1455 1231 1458 1236 ’

479 1344 679 1410 Vocabulum
692 1369 758 1410 non
768 1346 855 1433 justo
869 1345 937 1410 loco
951 1346 1091 1431 positum
1105 1345 1278 1431 magistelli
1291 1366 1424 1430 pravam
1438 1344 1532 1410 sedu-

436 1453 561 1520 litatem
585 1456 692 1541 prodit
713 1455 748 1520 in
771 1456 844 1520 820.
889 1452 971 1521 ἔοικε
994 1454 1071 1538 ’γοῦν
1094 1455 1115 1536 ἦ
1138 1480 1173 1520 τε
1198 1453 1329 1521 πεττεία
1351 1453 1405 1520 καὶ
1430 1458 1535 1520 ταῦτα

436 1565 590 1648 ἀλλήλων
607 1565 664 1654 [τό
681 1565 870 1655 μαθήματα]
888 1568 924 1634 οὐ
942 1566 1101 1651 πόμπολν
1120 1565 1321 1655 κεχωρίσθαι.
1364 1567 1407 1632 In
1421 1568 1534 1632 ecdem

435 1678 565 1764 pagina,
581 1685 618 1743 ut
635 1679 695 1744 hoc
710 1679 812 1744 obiter
824 1701 981 1758 moneam,
996 1701 1138 1765 pcrsonae
1156 1679 1291 1744 turbctae
1310 1684 1395 1756 sunt,
1410 1684 1444 1743 et
1461 1700 1536 1764 quae

436 1788 630 1854 Atheniensi
657 1790 831 1875 pertinent,
859 1790 973 1856 Oliniae
1002 1790 1249 1869 continuantur3
1281 1790 1417 1854 eundem
1446 1790 1536 1854 enim

436 1901 567 1967 decebat
582 1901 639 1987 qui
658 1900 775 1968 κείσθω
794 1906 896 1969 ταῦτα
914 1903 1008 1982 dixit,
1024 1902 1237 1967 conditionem
1255 1902 1400 1989 adjicere,
1416 1897 1536 1965 κείσθω

436 2009 544 2093 μέντοι
568 2011 713 2101 καθάπερ
739 2012 880 2102 ἐνέχυρα.
923 2014 1033 2100 Atque
1055 2013 1124 2079 haec
1146 2013 1281 2079 mutatio
1303 2012 1410 2098 aliqua
1436 2011 1537 2078 etiam
1575 2084 1581 2097 .

438 2115 591 2190 Codicum
615 2127 804 2193 auctoritate
826 2127 951 2193 nititur.
1007 2125 1055 2190 At
1079 2126 1165 2191 enim
1189 2126 1360 2212 prohibent
1383 2125 1485 2191 verba
1511 2122 1537 2189 ὦ

438 2234 514 2320 ξένε,
526 2262 597 2324 quse
609 2238 731 2318 Oliniae,
742 2262 804 2305 non
817 2238 1019 2315 Atheniensi,
1031 2238 1066 2302 in
1082 2260 1135 2303 ore
1149 2238 1227 2323 poni
1241 2237 1352 2303 solent.
1389 2235 1537 2302 Hoccine

437 2359 485 2416 est
507 2350 621 2417 Oritiei
639 2362 746 2437 partes
765 2352 886 2440 egere?
910 2358 1041 2438 propter
1060 2351 1123 2415 dno
1139 2350 1292 2415 vocabula
1310 2371 1382 2436 quae
1402 2371 1500 2415 nemo
1519 2371 1537 2414 e

438 2463 613 2527 scribarum
629 2468 725 2549 gente
740 2463 879 2529 inserere
893 2464 1065 2540 dubitaret,
1076 2462 1103 2527 si
1117 2460 1199 2527 forte
1213 2470 1284 2548 post
1297 2484 1448 2548 personas
1462 2484 1538 2527 con-

438 2572 523 2637 fusas
538 2569 563 2635 ὦ
577 2571 712 2638 Κλεινία
729 2597 793 2639 non
808 2573 977 2640 convenire
992 2573 1184 2650 credidisset,
1200 2573 1357 2638 artissime
1374 2572 1537 2637 cohaeren·

437 2690 503 2748 tem
518 2686 708 2752 sententiam
722 2686 759 2752 in
773 2687 852 2752 duas
866 2693 973 2771 partes
987 2685 1184 2772 discerpere!

481 2795 713 2884 Exemplorum
737 2798 820 2864 hanc
842 2798 883 2863 cd
904 2818 973 2862 rem
994 2797 1223 2884 pertinentium
1244 2796 1341 2862 finem
1363 2794 1481 2862 facicm
1503 2796 1539 2862 in

436 2932 468 2994 p.
485 2909 558 2975 821.
604 2908 637 2973 ἐν
653 2907 715 2997 ιγὰρ
735 2907 773 2990 δὴ
791 2911 836 2996 τῷ
854 2906 918 2994 βίῳ
938 2907 1098 2977 πολλάκις
1117 2906 1233 2995 ἑόρακα
1251 2907 1305 2973 καὶ
1322 2906 1416 2978 αὐτὸς
1433 2905 1492 2972 τόν
1510 2905 1539 2972 d

436 3017 627 3107 Ἑωσφόρον
641 3019 695 3086 καὶ
709 3019 763 3086 τὸν
775 3019 945 3109 Ἕσπερον
959 3018 1012 3084 καὶ
1027 3017 1147 3089 ἄλλους
1160 3018 1247 3089 τινὰς
1264 3017 1413 3084 οὐδέποτε
1433 3016 1540 3089 ἰόντας

437 3129 481 3201 εἰς
498 3130 553 3198 τὸν
571 3130 666 3217 αὐτὸν
683 3131 798 3220 δρόμον
814 3131 907 3197 ἀλλὰ.
922 3131 1028 3210 πάντη
1049 3127 1282 3213 πλανωμένους,
1297 3128 1352 3195 τὸν
1370 3127 1396 3195 δ’
1410 3128 1541 3195 Ἥλιόν

437 3269 501 3324 που
520 3242 573 3308 καὶ
595 3239 740 3324 Σελήνην
759 3242 896 3332 δρῶντας
914 3240 1003 3339 ταῦθ’
1021 3242 1043 3308 d
1062 3243 1113 3307 ἀεὶ
1132 3241 1248 3312 πάντες
1268 3240 1538 3325 ξυνεπιστόμεθα.

438 3355 536 3441 Lege,
557 3351 695 3441 δρῶντας
716 3353 804 3420 ταῦτ’
826 3352 884 3428 ἀεί,
906 3379 941 3420 π.
965 3354 993 3437 ξ.
1037 3353 1101 3418 Sed
1124 3354 1184 3420 hoc
1204 3378 1337 3440 quoque,
1353 3354 1431 3418 dum
1449 3353 1538 3420 Her·

437 3464 548 3531 manni
562 3465 734 3530 editionem
748 3488 906 3550 percurro,
923 3467 963 3530 ab
977 3464 1034 3529 illo
1045 3465 1114 3551 jam
1128 3464 1249 3530 factum
1263 3465 1403 3530 invenio.

482 3577 578 3643 Nunc
598 3577 639 3641 ad
657 3576 790 3641 tertium
810 3577 930 3642 librum
948 3585 1147 3641 revertamur
1166 3584 1199 3642 et
1220 3577 1262 3640 cd
1279 3598 1312 3661 p.
1329 3577 1402 3651 678,
1418 3574 1453 3639 in
1475 3598 1541 3661 qua

439 3688 633 3755 contrarium
655 3711 794 3754 errorem
816 3689 865 3754 bis
888 3689 1061 3754 admissum
1080 3688 1281 3773 reperiemus.
1325 3687 1410 3754 Nam
1429 3686 1468 3752 in
1490 3683 1540 3774 ἄρ’

440 3800 497 3866 οὐκ
524 3798 656 3882 ἄσμενοι
683 3797 742 3883 μὲν
767 3798 895 3869 ἑαυτοὺς
920 3797 1023 3886 ἑώρων
1048 3797 1089 3863 δι’
1115 3797 1287 3881 ὀλιγότητα
1311 3796 1345 3862 ἐν
1369 3801 1435 3867 τοῖς
1464 3797 1541 3886 περὶ

440 3911 555 3976 ἐκεῖνον
569 3908 624 3975 τὸν
637 3907 848 3997 χρόνον-οὗν
859 3918 933 3976 ante
948 3910 1013 3984 οὐκ,
1025 3912 1145 3996 καιροῖς
1159 3909 1308 3975 adfinem
1321 3909 1538 3974 inserendum.

441 4023 493 4089 Sic
513 4024 549 4088 in
569 4045 602 4108 p.
626 4022 699 4098 822,
723 4044 787 4088 unc
807 4023 902 4089 litera
922 4023 1038 4087 omissa
1059 4043 1186 4086 sensum
1209 4020 1398 4086 obscuravit.
1447 4019 1540 4108 Lege

441 4137 494 4216 (ut
517 4133 613 4198 etiam
639 4132 863 4196 Hermannnm
886 4130 1055 4217 conjecisse
1075 4131 1177 4209 video,
1192 4130 1255 4195 nisi
1278 4131 1364 4216 quod
1386 4129 1541 4197 alieniore

440 4243 509 4310 loco
523 4242 779 4330 supplementum
792 4242 951 4326 inseruit),
964 4245 1019 4307 νῦν
1032 4240 1066 4307 δὲ
1080 4239 1118 4323 δη
1132 4240 1206 4330 περὶ
1221 4240 1307 4312 θεοὺς
1322 4240 1424 4307 ταύτὰ
1437 4246 1544 4309 ταῦτα

441 4354 718 4443 ἐξαμαρτανόντων
736 4354 833 4436 ἡμῶν,
855 4353 904 4442 ἄρ’
921 4354 978 4419 οὐκ
995 4353 1124 4438 οἴόμεθα
1143 4353 1187 4442 (ό)
1208 4352 1333 4437 γελοῖόν
1352 4353 1388 4420 τὲ
1407 4353 1464 4420 καὶ
1485 4355 1543 4422 οὐκ

442 4464 535 4550 ὀρθὸν
556 4467 620 4533 ἐκεῖ
638 4464 821 4550 ιγιγνόμενον
840 4465 880 4548 ἦν
900 4466 940 4543 ἂν
961 4466 1042 4544 τότε,
1062 4471 1117 4534 νῦν
1135 4467 1270 4533 ἐνταῦθα
1291 4465 1345 4532 καὶ
1366 4466 1400 4531 ἐν
1418 4465 1544 4538 τούτοις

441 4576 616 4660 γίγνεσθαι.
666 4580 714 4645 Ut
735 4579 788 4645 hic
810 4577 860 4666 ἄρ’
884 4581 940 4645 οὐκ
961 4578 1092 4663 οἰόμεθα
1112 4580 1240 4659 dicitur,
1263 4579 1365 4645 sicin
1387 4579 1464 4658 711,
1489 4578 1544 4645 καί

441 4692 509 4760 πῶς
536 4688 629 4776 (οὐκ),
652 4689 781 4774 οἰόμεθα
805 4690 958 4778 scriptum
984 4700 1061 4772 erat,
1084 4693 1170 4780 quod
1194 4692 1305 4758 scribe
1329 4691 1366 4756 in
1391 4689 1445 4757 ccl
1472 4693 1542 4761 πῶς
