<?xml version="1.0" encoding="UTF-8"?>
<!DOCTYPE html PUBLIC "-//W3C//DTD XHTML 1.0 Transitional//EN"
    "http://www.w3.org/TR/xhtml1/DTD/xhtml1-transitional.dtd">
<html xmlns="http://www.w3.org/1999/xhtml" xml:lang="en" lang="en">
 <head>
  <title>
</title>
<meta http-equiv="Content-Type" content="text/html;charset=utf-8" />
  <meta name='ocr-system' content='tesseract 3.04.00' />
  <meta name='ocr-capabilities' content='ocr_page ocr_carea ocr_par ocr_line ocrx_word'/>
</head>
<body>
  <div class='ocr_page' id='page_1' title='image "./platonisconvivi00platgoog_0037.png"; bbox 0 0 3850 5700; ppageno 0'>
   <div class='ocr_carea' id='block_1_1' title="bbox 455 804 1429 868">
    <p class='ocr_par' dir='ltr' id='par_1_1' title="bbox 455 804 1429 868">
     <span class='ocr_line' id='line_1_1' title="bbox 455 804 1429 868; baseline 0.005 -5"><span class='ocrx_word' id='word_1_1' title='bbox 455 859 457 863; x_wconf 86' lang='grc'>,</span> <span class='ocrx_word' id='word_1_2' title='bbox 575 822 619 866; x_wconf 87' lang='lat' dir='ltr'>nu</span> <span class='ocrx_word' id='word_1_3' title='bbox 640 822 797 868; x_wconf 78' lang='lat' dir='ltr'><strong>rusroms</strong></span> <span class='ocrx_word' id='word_1_4' title='bbox 818 822 958 867; x_wconf 80' lang='lat' dir='ltr'><strong>nnomus</strong></span> <span class='ocrx_word' id='word_1_5' title='bbox 980 823 1142 867; x_wconf 77' lang='lat' dir='ltr'><strong>nmsuons.</strong></span> <span class='ocrx_word' id='word_1_6' title='bbox 1359 804 1429 868; x_wconf 84' lang='lat' dir='ltr'><strong>xvii</strong></span> 
     </span>
    </p>
   </div>
   <div class='ocr_carea' id='block_1_2' title="bbox 256 994 1421 4867">
    <p class='ocr_par' dir='ltr' id='par_1_2' title="bbox 322 994 1421 2093">
     <span class='ocr_line' id='line_1_2' title="bbox 325 994 1421 1084; baseline 0.004 -24"><span class='ocrx_word' id='word_1_7' title='bbox 325 994 441 1083; x_wconf 84' lang='grc' dir='ltr'>σχεδὸν</span> <span class='ocrx_word' id='word_1_8' title='bbox 459 996 521 1084; x_wconf 69' lang='grc' dir='ltr'>ιγάρ</span> <span class='ocrx_word' id='word_1_9' title='bbox 542 1023 590 1062; x_wconf 95' lang='grc' dir='ltr'>τοι</span> <span class='ocrx_word' id='word_1_10' title='bbox 610 997 669 1063; x_wconf 78' lang='grc' dir='ltr'>κᾶν</span> <span class='ocrx_word' id='word_1_11' title='bbox 689 997 876 1082; x_wconf 78' lang='grc' dir='ltr'>μαινοίμεθα</span> <span class='ocrx_word' id='word_1_12' title='bbox 895 997 1009 1068; x_wconf 88' lang='grc' dir='ltr'>τελέως</span> <span class='ocrx_word' id='word_1_13' title='bbox 1030 1000 1118 1082; x_wconf 84' lang='grc' dir='ltr'>ἡμεῖς</span> <span class='ocrx_word' id='word_1_14' title='bbox 1139 1024 1174 1064; x_wconf 97' lang='grc' dir='ltr'>τε</span> <span class='ocrx_word' id='word_1_15' title='bbox 1195 999 1248 1064; x_wconf 80' lang='grc' dir='ltr'>καὶ</span> <span class='ocrx_word' id='word_1_16' title='bbox 1270 998 1385 1064; x_wconf 82' lang='grc' dir='ltr'>ἅπασα</span> <span class='ocrx_word' id='word_1_17' title='bbox 1402 1002 1421 1082; x_wconf 89' lang='grc' dir='ltr'>ἡ</span> 
     </span>
     <span class='ocr_line' id='line_1_3' title="bbox 323 1106 1421 1198; baseline 0.004 -25"><span class='ocrx_word' id='word_1_18' title='bbox 323 1106 427 1183; x_wconf 90' lang='grc' dir='ltr'>πόλις,</span> <span class='ocrx_word' id='word_1_19' title='bbox 451 1108 520 1189; x_wconf 87' lang='grc' dir='ltr'>ἡτις</span> <span class='ocrx_word' id='word_1_20' title='bbox 543 1108 597 1174; x_wconf 78' lang='grc' dir='ltr'>οὖν</span> <span class='ocrx_word' id='word_1_21' title='bbox 620 1108 692 1192; x_wconf 82' lang='grc' dir='ltr'>ὑμῖν</span> <span class='ocrx_word' id='word_1_22' title='bbox 718 1108 881 1197; x_wconf 80' lang='grc' dir='ltr'>ἐπιτρέποι</span> <span class='ocrx_word' id='word_1_23' title='bbox 906 1108 983 1198; x_wconf 85' lang='grc' dir='ltr'>δρᾶν</span> <span class='ocrx_word' id='word_1_24' title='bbox 1005 1107 1046 1174; x_wconf 81' lang='grc' dir='ltr'>τδ</span> <span class='ocrx_word' id='word_1_25' title='bbox 1069 1113 1123 1174; x_wconf 86' lang='grc' dir='ltr'>νῦν</span> <span class='ocrx_word' id='word_1_26' title='bbox 1144 1107 1308 1192; x_wconf 75' lang='grc' dir='ltr'>λεγόμενα.</span> <span class='ocrx_word' id='word_1_27' title='bbox 1353 1111 1421 1198; x_wconf 84' lang='lat' dir='ltr'>Ex·</span> 
     </span>
     <span class='ocr_line' id='line_1_4' title="bbox 325 1220 1421 1310; baseline 0.003 -26"><span class='ocrx_word' id='word_1_28' title='bbox 325 1220 510 1306; x_wconf 76' lang='lat' dir='ltr'><strong>amplorum,</strong></span> <span class='ocrx_word' id='word_1_29' title='bbox 534 1244 606 1308; x_wconf 87' lang='lat' dir='ltr'><strong>quae</strong></span> <span class='ocrx_word' id='word_1_30' title='bbox 627 1222 696 1310; x_wconf 88' lang='lat' dir='ltr'>jam</span> <span class='ocrx_word' id='word_1_31' title='bbox 717 1223 821 1300; x_wconf 86' lang='lat' dir='ltr'><strong>attuli,</strong></span> <span class='ocrx_word' id='word_1_32' title='bbox 843 1222 918 1287; x_wconf 85' lang='lat' dir='ltr'><strong>satis</strong></span> <span class='ocrx_word' id='word_1_33' title='bbox 940 1245 1059 1307; x_wconf 86' lang='lat' dir='ltr'><strong>magna</strong></span> <span class='ocrx_word' id='word_1_34' title='bbox 1079 1221 1169 1307; x_wconf 86' lang='lat' dir='ltr'><strong>copia</strong></span> <span class='ocrx_word' id='word_1_35' title='bbox 1191 1228 1247 1298; x_wconf 89' lang='lat' dir='ltr'><strong>est,</strong></span> <span class='ocrx_word' id='word_1_36' title='bbox 1273 1231 1310 1286; x_wconf 94' lang='lat' dir='ltr'>ut</span> <span class='ocrx_word' id='word_1_37' title='bbox 1331 1223 1421 1287; x_wconf 90' lang='lat' dir='ltr'><strong>omni</strong></span> 
     </span>
     <span class='ocr_line' id='line_1_5' title="bbox 322 1330 1417 1421; baseline 0.004 -26"><span class='ocrx_word' id='word_1_38' title='bbox 322 1332 537 1417; x_wconf 84' lang='lat' dir='ltr'><strong>disputatione</strong></span> <span class='ocrx_word' id='word_1_39' title='bbox 560 1336 786 1419; x_wconf 78' lang='lat' dir='ltr'><strong>supersedeam,</strong></span> <span class='ocrx_word' id='word_1_40' title='bbox 806 1335 998 1421; x_wconf 89' lang='lat' dir='ltr'><strong>jubeamque</strong></span> <span class='ocrx_word' id='word_1_41' title='bbox 1017 1330 1203 1420; x_wconf 70' lang='grc' dir='ltr'>ἐπιτρέψειν</span> <span class='ocrx_word' id='word_1_42' title='bbox 1225 1331 1298 1415; x_wconf 82' lang='grc' dir='ltr'>ὑμῖν</span> <span class='ocrx_word' id='word_1_43' title='bbox 1320 1332 1417 1399; x_wconf 78' lang='lat' dir='ltr'><strong>faces·</strong></span> 
     </span>
     <span class='ocr_line' id='line_1_6' title="bbox 324 1443 1419 1532; baseline 0.004 -25"><span class='ocrx_word' id='word_1_44' title='bbox 324 1466 401 1508; x_wconf 88' lang='lat' dir='ltr'><strong>sero.</strong></span> <span class='ocrx_word' id='word_1_45' title='bbox 438 1444 596 1510; x_wconf 82' lang='lat' dir='ltr'><strong>Praeterea</strong></span> <span class='ocrx_word' id='word_1_46' title='bbox 611 1446 741 1531; x_wconf 75' lang='lat' dir='ltr'><strong>corrige,</strong></span> <span class='ocrx_word' id='word_1_47' title='bbox 760 1446 803 1532; x_wconf 88' lang='grc' dir='ltr'>[ἡ]</span> <span class='ocrx_word' id='word_1_48' title='bbox 820 1444 923 1520; x_wconf 88' lang='grc' dir='ltr'>πόλις,</span> <span class='ocrx_word' id='word_1_49' title='bbox 936 1443 964 1509; x_wconf 82' lang='grc' dir='ltr'>εἰ</span> <span class='ocrx_word' id='word_1_50' title='bbox 978 1446 1116 1526; x_wconf 83' lang='grc' dir='ltr'>ἡτισοῦν.</span> <span class='ocrx_word' id='word_1_51' title='bbox 1156 1445 1247 1509; x_wconf 83' lang='lat' dir='ltr'><strong>Infra</strong></span> <span class='ocrx_word' id='word_1_52' title='bbox 1262 1446 1298 1509; x_wconf 91' lang='lat' dir='ltr'>in</span> <span class='ocrx_word' id='word_1_53' title='bbox 1309 1446 1419 1511; x_wconf 86' lang='lat' dir='ltr'><strong>eadem</strong></span> 
     </span>
     <span class='ocr_line' id='line_1_7' title="bbox 324 1555 1418 1645; baseline 0.004 -26"><span class='ocrx_word' id='word_1_54' title='bbox 324 1556 443 1642; x_wconf 83' lang='lat' dir='ltr'><strong>pagina</strong></span> <span class='ocrx_word' id='word_1_55' title='bbox 456 1556 601 1642; x_wconf 85' lang='lat' dir='ltr'><strong>legimus,</strong></span> <span class='ocrx_word' id='word_1_56' title='bbox 618 1556 779 1645; x_wconf 79' lang='grc' dir='ltr'>προϊόντες</span> <span class='ocrx_word' id='word_1_57' title='bbox 793 1556 847 1623; x_wconf 82' lang='grc' dir='ltr'>ἐπὶ</span> <span class='ocrx_word' id='word_1_58' title='bbox 861 1561 906 1644; x_wconf 77' lang='grc' dir='ltr'>τῷ</span> <span class='ocrx_word' id='word_1_59' title='bbox 919 1556 1004 1622; x_wconf 85' lang='grc' dir='ltr'>τέλει</span> <span class='ocrx_word' id='word_1_60' title='bbox 1019 1555 1166 1640; x_wconf 81' lang='grc' dir='ltr'>δείξομεν,</span> <span class='ocrx_word' id='word_1_61' title='bbox 1182 1580 1254 1642; x_wconf 85' lang='lat' dir='ltr'><strong>quae</strong></span> <span class='ocrx_word' id='word_1_62' title='bbox 1268 1558 1418 1642; x_wconf 83' lang='lat' dir='ltr'><strong>quoniam</strong></span> 
     </span>
     <span class='ocr_line' id='line_1_8' title="bbox 323 1665 1418 1755; baseline 0.005 -26"><span class='ocrx_word' id='word_1_63' title='bbox 323 1665 408 1731; x_wconf 87' lang='lat' dir='ltr'><strong>inter</strong></span> <span class='ocrx_word' id='word_1_64' title='bbox 431 1690 464 1731; x_wconf 92' lang='lat' dir='ltr'>se</span> <span class='ocrx_word' id='word_1_65' title='bbox 484 1678 631 1754; x_wconf 87' lang='lat' dir='ltr'><strong>pugnant</strong></span> <span class='ocrx_word' id='word_1_66' title='bbox 655 1669 724 1755; x_wconf 85' lang='lat' dir='ltr'><strong>(qui</strong></span> <span class='ocrx_word' id='word_1_67' title='bbox 745 1670 832 1735; x_wconf 90' lang='lat' dir='ltr'><strong>enim</strong></span> <span class='ocrx_word' id='word_1_68' title='bbox 854 1667 909 1733; x_wconf 83' lang='grc' dir='ltr'>ἐπὶ</span> <span class='ocrx_word' id='word_1_69' title='bbox 932 1671 979 1755; x_wconf 76' lang='grc' dir='ltr'>τῷ</span> <span class='ocrx_word' id='word_1_70' title='bbox 1001 1667 1095 1748; x_wconf 85' lang='grc' dir='ltr'>τέλει,</span> <span class='ocrx_word' id='word_1_71' title='bbox 1115 1677 1163 1733; x_wconf 87' lang='lat' dir='ltr'>est</span> <span class='ocrx_word' id='word_1_72' title='bbox 1184 1667 1326 1754; x_wconf 90' lang='grc' dir='ltr'>προιέναι</span> <span class='ocrx_word' id='word_1_73' title='bbox 1347 1670 1418 1755; x_wconf 90' lang='lat' dir='ltr'>jam</span> 
     </span>
     <span class='ocr_line' id='line_1_9' title="bbox 323 1778 1418 1866; baseline 0.004 -25"><span class='ocrx_word' id='word_1_74' title='bbox 323 1778 442 1864; x_wconf 87' lang='lat' dir='ltr'><strong>desiit),</strong></span> <span class='ocrx_word' id='word_1_75' title='bbox 462 1802 563 1845; x_wconf 90' lang='lat' dir='ltr'><strong>unum</strong></span> <span class='ocrx_word' id='word_1_76' title='bbox 585 1781 759 1847; x_wconf 85' lang='lat' dir='ltr'><strong>alterumve</strong></span> <span class='ocrx_word' id='word_1_77' title='bbox 782 1790 923 1846; x_wconf 88' lang='lat' dir='ltr'><strong>assutum</strong></span> <span class='ocrx_word' id='word_1_78' title='bbox 947 1780 1044 1845; x_wconf 87' lang='lat' dir='ltr'><strong>fuerit</strong></span> <span class='ocrx_word' id='word_1_79' title='bbox 1065 1803 1189 1845; x_wconf 84' lang='lat' dir='ltr'><strong>necesse</strong></span> <span class='ocrx_word' id='word_1_80' title='bbox 1212 1788 1269 1845; x_wconf 87' lang='lat' dir='ltr'><strong>est.</strong></span> <span class='ocrx_word' id='word_1_81' title='bbox 1313 1780 1418 1866; x_wconf 85' lang='lat' dir='ltr'><strong>Atqui</strong></span> 
     </span>
     <span class='ocr_line' id='line_1_10' title="bbox 322 1890 1417 1981; baseline 0.005 -27"><span class='ocrx_word' id='word_1_82' title='bbox 322 1890 392 1976; x_wconf 87' lang='lat' dir='ltr'><strong>ipsa</strong></span> <span class='ocrx_word' id='word_1_83' title='bbox 413 1892 460 1956; x_wconf 90' lang='lat' dir='ltr'>rei</span> <span class='ocrx_word' id='word_1_84' title='bbox 480 1901 595 1960; x_wconf 88' lang='lat' dir='ltr'><strong>natura</strong></span> <span class='ocrx_word' id='word_1_85' title='bbox 617 1894 812 1959; x_wconf 88' lang='lat' dir='ltr'><strong>demonstrat</strong></span> <span class='ocrx_word' id='word_1_86' title='bbox 833 1895 947 1981; x_wconf 86' lang='lat' dir='ltr'><strong>legem,</strong></span> <span class='ocrx_word' id='word_1_87' title='bbox 969 1917 1032 1979; x_wconf 87' lang='lat' dir='ltr'>qua</span> <span class='ocrx_word' id='word_1_88' title='bbox 1053 1894 1093 1959; x_wconf 89' lang='lat' dir='ltr'>de</span> <span class='ocrx_word' id='word_1_89' title='bbox 1115 1894 1232 1979; x_wconf 87' lang='lat' dir='ltr'><strong>agitur,</strong></span> <span class='ocrx_word' id='word_1_90' title='bbox 1253 1894 1295 1960; x_wconf 88' lang='lat' dir='ltr'>ad</span> <span class='ocrx_word' id='word_1_91' title='bbox 1319 1894 1417 1959; x_wconf 88' lang='lat' dir='ltr'><strong>finem</strong></span> 
     </span>
     <span class='ocr_line' id='line_1_11' title="bbox 322 2004 1143 2093; baseline 0.001 -25"><span class='ocrx_word' id='word_1_92' title='bbox 322 2006 544 2069; x_wconf 82' lang='lat' dir='ltr'><strong>reservandam</strong></span> <span class='ocrx_word' id='word_1_93' title='bbox 558 2006 653 2071; x_wconf 88' lang='lat' dir='ltr'><strong>fuisse</strong></span> <span class='ocrx_word' id='word_1_94' title='bbox 666 2031 673 2086; x_wconf 93' lang='grc'><strong>;</strong></span> <span class='ocrx_word' id='word_1_95' title='bbox 696 2008 804 2093; x_wconf 86' lang='lat' dir='ltr'><strong>itaque</strong></span> <span class='ocrx_word' id='word_1_96' title='bbox 817 2007 960 2071; x_wconf 75' lang='lat' dir='ltr'><strong>deleatur</strong></span> <span class='ocrx_word' id='word_1_97' title='bbox 974 2004 1143 2091; x_wconf 78' lang='grc' dir='ltr'>προϊόντες.</span> 
     </span>
    </p>

    <p class='ocr_par' dir='ltr' id='par_1_3' title="bbox 256 2101 1418 4770">
     <span class='ocr_line' id='line_1_12' title="bbox 365 2101 1417 2204; baseline 0 -24"><span class='ocrx_word' id='word_1_98' title='bbox 365 2116 437 2181; x_wconf 85' lang='grc'>818.</span> <span class='ocrx_word' id='word_1_99' title='bbox 480 2117 591 2187; x_wconf 78' lang='grc' dir='ltr'>Δοκεῖς</span> <span class='ocrx_word' id='word_1_100' title='bbox 609 2117 691 2200; x_wconf 85' lang='grc' dir='ltr'>ἡμῖν,</span> <span class='ocrx_word' id='word_1_101' title='bbox 710 2115 735 2182; x_wconf 84' lang='grc' dir='ltr'><strong>ὦ</strong></span> <span class='ocrx_word' id='word_1_102' title='bbox 754 2116 829 2201; x_wconf 80' lang='grc' dir='ltr'>ξένε,</span> <span class='ocrx_word' id='word_1_103' title='bbox 845 2116 1019 2204; x_wconf 77' lang='grc' dir='ltr'>φοβεῖσθαι</span> <span class='ocrx_word' id='word_1_104' title='bbox 1038 2115 1075 2181; x_wconf 85' lang='grc' dir='ltr'>τό</span> <span class='ocrx_word' id='word_1_105' title='bbox 1095 2122 1151 2197; x_wconf 84' lang='grc' dir='ltr'>τῆς</span> <span class='ocrx_word' id='word_1_106' title='bbox 1172 2101 1323 2202; x_wconf 72' lang='grc' dir='ltr'>ἡμετέροις</span> <span class='ocrx_word' id='word_1_107' title='bbox 1342 2114 1417 2203; x_wconf 82' lang='grc' dir='ltr'>περὶ</span> 
     </span>
     <span class='ocr_line' id='line_1_13' title="bbox 319 2225 1416 2315; baseline 0.001 -25"><span class='ocrx_word' id='word_1_108' title='bbox 319 2228 382 2291; x_wconf 87' lang='grc' dir='ltr'>τῶν</span> <span class='ocrx_word' id='word_1_109' title='bbox 401 2225 549 2292; x_wconf 83' lang='grc' dir='ltr'>τοιούτων</span> <span class='ocrx_word' id='word_1_110' title='bbox 567 2227 712 2315; x_wconf 88' lang='grc' dir='ltr'>ἀπειρίας</span> <span class='ocrx_word' id='word_1_111' title='bbox 731 2228 808 2298; x_wconf 84' lang='grc' dir='ltr'>ἔθος.</span> <span class='ocrx_word' id='word_1_112' title='bbox 853 2228 964 2294; x_wconf 79' lang='grc' dir='ltr'>οὔκουν</span> <span class='ocrx_word' id='word_1_113' title='bbox 985 2226 1083 2314; x_wconf 86' lang='grc' dir='ltr'>ὀρθῶς</span> <span class='ocrx_word' id='word_1_114' title='bbox 1105 2227 1212 2313; x_wconf 78' lang='grc' dir='ltr'>φοβεῖ·</span> <span class='ocrx_word' id='word_1_115' title='bbox 1256 2230 1356 2314; x_wconf 86' lang='grc' dir='ltr'>πειρῶ</span> <span class='ocrx_word' id='word_1_116' title='bbox 1377 2225 1416 2309; x_wconf 91' lang='grc' dir='ltr'>δὴ</span> 
     </span>
     <span class='ocr_line' id='line_1_14' title="bbox 321 2336 1418 2429; baseline 0.002 -27"><span class='ocrx_word' id='word_1_117' title='bbox 321 2336 426 2420; x_wconf 74' lang='grc' dir='ltr'>λέγειν</span> <span class='ocrx_word' id='word_1_118' title='bbox 434 2336 530 2421; x_wconf 86' lang='grc' dir='ltr'>μηδὲν</span> <span class='ocrx_word' id='word_1_119' title='bbox 541 2339 818 2429; x_wconf 78' lang='grc' dir='ltr'>ἀποκρυπτόμενος</span> <span class='ocrx_word' id='word_1_120' title='bbox 832 2340 922 2405; x_wconf 78' lang='grc' dir='ltr'>ἕνεκα</span> <span class='ocrx_word' id='word_1_121' title='bbox 932 2338 1060 2405; x_wconf 85' lang='grc' dir='ltr'>τούτων.</span> <span class='ocrx_word' id='word_1_122' title='bbox 1088 2340 1162 2403; x_wconf 83' lang='grc' dir='ltr'>ΑΘ.</span> <span class='ocrx_word' id='word_1_123' title='bbox 1179 2339 1346 2421; x_wconf 77' lang='grc' dir='ltr'>Φοβοῦμαι</span> <span class='ocrx_word' id='word_1_124' title='bbox 1358 2338 1418 2422; x_wconf 86' lang='grc' dir='ltr'>μὲν</span> 
     </span>
     <span class='ocr_line' id='line_1_15' title="bbox 320 2449 1418 2536; baseline 0.006 -21"><span class='ocrx_word' id='word_1_125' title='bbox 320 2449 376 2516; x_wconf 83' lang='grc' dir='ltr'>καὶ</span> <span class='ocrx_word' id='word_1_126' title='bbox 389 2455 497 2530; x_wconf 82' lang='grc' dir='ltr'>ταῦτα,</span> <span class='ocrx_word' id='word_1_127' title='bbox 514 2451 588 2517; x_wconf 75' lang='grc' dir='ltr'>ἀοι)</span> <span class='ocrx_word' id='word_1_128' title='bbox 603 2457 657 2519; x_wconf 83' lang='grc' dir='ltr'>νῦν</span> <span class='ocrx_word' id='word_1_129' title='bbox 670 2452 781 2536; x_wconf 85' lang='grc' dir='ltr'>λέγεις,</span> <span class='ocrx_word' id='word_1_130' title='bbox 797 2457 924 2536; x_wconf 81' lang='grc' dir='ltr'>μᾶλλον</span> <span class='ocrx_word' id='word_1_131' title='bbox 939 2450 966 2516; x_wconf 88' lang='grc' dir='ltr'>δ’</span> <span class='ocrx_word' id='word_1_132' title='bbox 980 2451 1028 2517; x_wconf 83' lang='grc' dir='ltr'>ἔτι</span> <span class='ocrx_word' id='word_1_133' title='bbox 1042 2450 1165 2517; x_wconf 80' lang='grc' dir='ltr'>δέδοικα</span> <span class='ocrx_word' id='word_1_134' title='bbox 1179 2451 1250 2521; x_wconf 84' lang='grc' dir='ltr'>τοὺς</span> <span class='ocrx_word' id='word_1_135' title='bbox 1264 2450 1418 2535; x_wconf 78' lang='grc' dir='ltr'>ἡμμένους</span> 
     </span>
     <span class='ocr_line' id='line_1_16' title="bbox 317 2561 1416 2647; baseline -0.001 -20"><span class='ocrx_word' id='word_1_136' title='bbox 317 2562 377 2645; x_wconf 84' lang='grc' dir='ltr'>μὲν</span> <span class='ocrx_word' id='word_1_137' title='bbox 391 2562 493 2628; x_wconf 75' lang='grc' dir='ltr'>αὐτῶν</span> <span class='ocrx_word' id='word_1_138' title='bbox 506 2562 625 2628; x_wconf 82' lang='grc' dir='ltr'>τούτων</span> <span class='ocrx_word' id='word_1_139' title='bbox 641 2567 704 2630; x_wconf 85' lang='grc' dir='ltr'>τῶν</span> <span class='ocrx_word' id='word_1_140' title='bbox 722 2563 927 2647; x_wconf 82' lang='grc' dir='ltr'>μαθημάτων,</span> <span class='ocrx_word' id='word_1_141' title='bbox 944 2567 1047 2635; x_wconf 80' lang='grc' dir='ltr'>κακῶς</span> <span class='ocrx_word' id='word_1_142' title='bbox 1066 2562 1092 2629; x_wconf 88' lang='grc' dir='ltr'>δ’</span> <span class='ocrx_word' id='word_1_143' title='bbox 1106 2562 1287 2647; x_wconf 82' lang='grc' dir='ltr'>ἡμμένοονς.</span> <span class='ocrx_word' id='word_1_144' title='bbox 1324 2561 1416 2627; x_wconf 84' lang='grc' dir='ltr'>οὐδα-</span> 
     </span>
     <span class='ocr_line' id='line_1_17' title="bbox 317 2672 1417 2764; baseline 0.001 -26"><span class='ocrx_word' id='word_1_145' title='bbox 317 2677 380 2756; x_wconf 83' lang='grc' dir='ltr'>μοῦ</span> <span class='ocrx_word' id='word_1_146' title='bbox 392 2672 454 2762; x_wconf 63' lang='grc' dir='ltr'>’γὰρ</span> <span class='ocrx_word' id='word_1_147' title='bbox 469 2672 567 2740; x_wconf 87' lang='grc' dir='ltr'>δεινὸν</span> <span class='ocrx_word' id='word_1_148' title='bbox 581 2674 651 2740; x_wconf 86' lang='grc' dir='ltr'>οὐδὲ</span> <span class='ocrx_word' id='word_1_149' title='bbox 665 2675 805 2763; x_wconf 82' lang='grc' dir='ltr'>σφοδρὸν</span> <span class='ocrx_word' id='word_1_150' title='bbox 819 2674 948 2764; x_wconf 78' lang='grc' dir='ltr'>ἀπειρία</span> <span class='ocrx_word' id='word_1_151' title='bbox 961 2679 1025 2741; x_wconf 84' lang='grc' dir='ltr'>τῶν</span> <span class='ocrx_word' id='word_1_152' title='bbox 1038 2675 1168 2740; x_wconf 88' lang='grc' dir='ltr'>πόντων</span> <span class='ocrx_word' id='word_1_153' title='bbox 1182 2673 1252 2739; x_wconf 86' lang='grc' dir='ltr'>οὐδὲ</span> <span class='ocrx_word' id='word_1_154' title='bbox 1265 2673 1417 2758; x_wconf 78' lang='grc' dir='ltr'>μέγιστον</span> 
     </span>
     <span class='ocr_line' id='line_1_18' title="bbox 318 2784 1416 2877; baseline 0.006 -27"><span class='ocrx_word' id='word_1_155' title='bbox 318 2784 423 2861; x_wconf 84' lang='grc' dir='ltr'>κακόν,</span> <span class='ocrx_word' id='word_1_156' title='bbox 443 2785 518 2853; x_wconf 89' lang='grc' dir='ltr'>ἀλλ’</span> <span class='ocrx_word' id='word_1_157' title='bbox 538 2788 559 2870; x_wconf 88' lang='grc' dir='ltr'>ἡ</span> <span class='ocrx_word' id='word_1_158' title='bbox 580 2787 774 2877; x_wconf 85' lang='grc' dir='ltr'>πολυπειρία</span> <span class='ocrx_word' id='word_1_159' title='bbox 792 2788 845 2855; x_wconf 82' lang='grc' dir='ltr'>καὶ</span> <span class='ocrx_word' id='word_1_160' title='bbox 869 2788 1055 2873; x_wconf 88' lang='grc' dir='ltr'>πολυμαθία</span> <span class='ocrx_word' id='word_1_161' title='bbox 1071 2786 1153 2871; x_wconf 74' lang='grc' dir='ltr'>μετὰ</span> <span class='ocrx_word' id='word_1_162' title='bbox 1175 2792 1273 2868; x_wconf 79' lang='grc' dir='ltr'>κακῆς</span> <span class='ocrx_word' id='word_1_163' title='bbox 1289 2787 1416 2869; x_wconf 69' lang='grc' dir='ltr'>ἀγωγῆς</span> 
     </span>
     <span class='ocr_line' id='line_1_19' title="bbox 316 2896 1415 2985; baseline -0.002 -22"><span class='ocrx_word' id='word_1_164' title='bbox 316 2896 457 2980; x_wconf 64' lang='grc' dir='ltr'>’γίγνεται</span> <span class='ocrx_word' id='word_1_165' title='bbox 483 2898 570 2965; x_wconf 80' lang='grc' dir='ltr'>πολὺ</span> <span class='ocrx_word' id='word_1_166' title='bbox 592 2898 710 2965; x_wconf 83' lang='grc' dir='ltr'>τούτων</span> <span class='ocrx_word' id='word_1_167' title='bbox 734 2899 846 2984; x_wconf 89' lang='grc' dir='ltr'>μείζων</span> <span class='ocrx_word' id='word_1_168' title='bbox 872 2901 974 2985; x_wconf 81' lang='grc' dir='ltr'>ζημία.</span> <span class='ocrx_word' id='word_1_169' title='bbox 1020 2900 1065 2965; x_wconf 87' lang='grc' dir='ltr'>Τὸ</span> <span class='ocrx_word' id='word_1_170' title='bbox 1090 2905 1146 2982; x_wconf 86' lang='grc' dir='ltr'>τῆς</span> <span class='ocrx_word' id='word_1_171' title='bbox 1168 2897 1319 2985; x_wconf 88' lang='grc' dir='ltr'>ἡμετέρας</span> <span class='ocrx_word' id='word_1_172' title='bbox 1345 2897 1415 2970; x_wconf 83' lang='grc' dir='ltr'>ἔθος</span> 
     </span>
     <span class='ocr_line' id='line_1_20' title="bbox 317 3009 1413 3100; baseline -0.001 -26"><span class='ocrx_word' id='word_1_173' title='bbox 317 3010 396 3096; x_wconf 91' lang='lat' dir='ltr'><strong>quid</strong></span> <span class='ocrx_word' id='word_1_174' title='bbox 410 3012 452 3076; x_wconf 90' lang='lat' dir='ltr'>sit</span> <span class='ocrx_word' id='word_1_175' title='bbox 465 3012 629 3099; x_wconf 86' lang='lat' dir='ltr'><strong>intelligo;</strong></span> <span class='ocrx_word' id='word_1_176' title='bbox 652 3014 707 3079; x_wconf 85' lang='lat' dir='ltr'>sed</span> <span class='ocrx_word' id='word_1_177' title='bbox 721 3011 866 3100; x_wconf 84' lang='grc' dir='ltr'>ἀπειρίας</span> <span class='ocrx_word' id='word_1_178' title='bbox 883 3013 952 3083; x_wconf 85' lang='grc' dir='ltr'>ἔθος</span> <span class='ocrx_word' id='word_1_179' title='bbox 973 3038 1014 3078; x_wconf 90' lang='lat' dir='ltr'>ne</span> <span class='ocrx_word' id='word_1_180' title='bbox 1034 3035 1129 3079; x_wconf 86' lang='lat' dir='ltr'><strong>conor</strong></span> <span class='ocrx_word' id='word_1_181' title='bbox 1148 3012 1277 3097; x_wconf 90' lang='lat' dir='ltr'><strong>quidem</strong></span> <span class='ocrx_word' id='word_1_182' title='bbox 1293 3009 1413 3075; x_wconf 89' lang='lat' dir='ltr'><strong>intelli·</strong></span> 
     </span>
     <span class='ocr_line' id='line_1_21' title="bbox 317 3111 1415 3210; baseline 0.001 -26"><span class='ocrx_word' id='word_1_183' title='bbox 317 3143 402 3206; x_wconf 85' lang='lat' dir='ltr'><strong>gere,</strong></span> <span class='ocrx_word' id='word_1_184' title='bbox 418 3123 535 3209; x_wconf 87' lang='lat' dir='ltr'><strong>quippe</strong></span> <span class='ocrx_word' id='word_1_185' title='bbox 555 3124 611 3210; x_wconf 93' lang='lat' dir='ltr'>qui</span> <span class='ocrx_word' id='word_1_186' title='bbox 630 3134 734 3190; x_wconf 85' lang='lat' dir='ltr'><strong>oertus</strong></span> <span class='ocrx_word' id='word_1_187' title='bbox 753 3124 814 3190; x_wconf 88' lang='lat' dir='ltr'>sim</span> <span class='ocrx_word' id='word_1_188' title='bbox 833 3125 956 3191; x_wconf 89' lang='lat' dir='ltr'><strong>nullam</strong></span> <span class='ocrx_word' id='word_1_189' title='bbox 975 3111 1118 3210; x_wconf 88' lang='lat' dir='ltr'><strong>unquam</strong></span> <span class='ocrx_word' id='word_1_190' title='bbox 1137 3119 1284 3208; x_wconf 89' lang='grc' dir='ltr'>ἀπειρίαν</span> <span class='ocrx_word' id='word_1_191' title='bbox 1303 3120 1339 3184; x_wconf 84' lang='grc' dir='ltr'>ἐκ</span> <span class='ocrx_word' id='word_1_192' title='bbox 1358 3123 1415 3185; x_wconf 85' lang='grc' dir='ltr'>τοῦ</span> 
     </span>
     <span class='ocr_line' id='line_1_22' title="bbox 317 3230 1414 3320; baseline 0 -24"><span class='ocrx_word' id='word_1_193' title='bbox 317 3230 455 3298; x_wconf 83' lang='grc' dir='ltr'>εἰθίσθαι</span> <span class='ocrx_word' id='word_1_194' title='bbox 468 3235 635 3301; x_wconf 83' lang='lat' dir='ltr'><strong>oriundam</strong></span> <span class='ocrx_word' id='word_1_195' title='bbox 649 3261 723 3303; x_wconf 89' lang='lat' dir='ltr'><strong>esse.</strong></span> <span class='ocrx_word' id='word_1_196' title='bbox 770 3237 849 3310; x_wconf 80' lang='lat' dir='ltr'><strong>Quis</strong></span> <span class='ocrx_word' id='word_1_197' title='bbox 869 3245 976 3313; x_wconf 79' lang='lat' dir='ltr'><strong>autem</strong></span> <span class='ocrx_word' id='word_1_198' title='bbox 992 3236 1094 3300; x_wconf 91' lang='lat' dir='ltr'><strong>bonus</strong></span> <span class='ocrx_word' id='word_1_199' title='bbox 1114 3234 1248 3320; x_wconf 81' lang='lat' dir='ltr'><strong>scriptor</strong></span> <span class='ocrx_word' id='word_1_200' title='bbox 1266 3230 1414 3318; x_wconf 90' lang='grc' dir='ltr'>ἀπειρίαν</span> 
     </span>
     <span class='ocr_line' id='line_1_23' title="bbox 315 3343 1413 3433; baseline 0.002 -25"><span class='ocrx_word' id='word_1_201' title='bbox 315 3343 390 3430; x_wconf 80' lang='grc' dir='ltr'>περὶ</span> <span class='ocrx_word' id='word_1_202' title='bbox 404 3346 467 3410; x_wconf 85' lang='grc' dir='ltr'>τῶν</span> <span class='ocrx_word' id='word_1_203' title='bbox 480 3344 628 3412; x_wconf 85' lang='grc' dir='ltr'>τοιούτων</span> <span class='ocrx_word' id='word_1_204' title='bbox 641 3349 751 3414; x_wconf 77' lang='lat' dir='ltr'><strong>dixit?</strong></span> <span class='ocrx_word' id='word_1_205' title='bbox 796 3350 1009 3422; x_wconf 78' lang='lat' dir='ltr'><strong>Quamobrem</strong></span> <span class='ocrx_word' id='word_1_206' title='bbox 1024 3345 1169 3433; x_wconf 87' lang='grc' dir='ltr'>ἀπειρίας</span> <span class='ocrx_word' id='word_1_207' title='bbox 1187 3346 1269 3410; x_wconf 93' lang='lat' dir='ltr'><strong>mihi</strong></span> <span class='ocrx_word' id='word_1_208' title='bbox 1283 3346 1413 3432; x_wconf 89' lang='lat' dir='ltr'><strong>quidem</strong></span> 
     </span>
     <span class='ocr_line' id='line_1_24' title="bbox 315 3455 1412 3546; baseline 0.004 -28"><span class='ocrx_word' id='word_1_209' title='bbox 315 3455 519 3521; x_wconf 85' lang='lat' dir='ltr'><strong>vehementer</strong></span> <span class='ocrx_word' id='word_1_210' title='bbox 538 3468 717 3544; x_wconf 80' lang='lat' dir='ltr'><strong>suspectum</strong></span> <span class='ocrx_word' id='word_1_211' title='bbox 731 3468 796 3539; x_wconf 90' lang='lat' dir='ltr'><strong>est;</strong></span> <span class='ocrx_word' id='word_1_212' title='bbox 820 3483 891 3546; x_wconf 84' lang='lat' dir='ltr'><strong>quas</strong></span> <span class='ocrx_word' id='word_1_213' title='bbox 905 3483 981 3524; x_wconf 87' lang='lat' dir='ltr'><strong>vero</strong></span> <span class='ocrx_word' id='word_1_214' title='bbox 999 3469 1175 3545; x_wconf 88' lang='lat' dir='ltr'><strong>sequuntur</strong></span> <span class='ocrx_word' id='word_1_215' title='bbox 1188 3481 1252 3522; x_wconf 91' lang='lat' dir='ltr'>non</span> <span class='ocrx_word' id='word_1_216' title='bbox 1268 3466 1343 3522; x_wconf 90' lang='lat' dir='ltr'><strong>sunt</strong></span> <span class='ocrx_word' id='word_1_217' title='bbox 1361 3457 1412 3524; x_wconf 93' lang='lat' dir='ltr'>in·</span> 
     </span>
     <span class='ocr_line' id='line_1_25' title="bbox 313 3567 1412 3658; baseline 0.003 -27"><span class='ocrx_word' id='word_1_218' title='bbox 313 3567 470 3652; x_wconf 85' lang='lat' dir='ltr'><strong>terpolata</strong></span> <span class='ocrx_word' id='word_1_219' title='bbox 487 3568 615 3654; x_wconf 89' lang='lat' dir='ltr'><strong>quidem</strong></span> <span class='ocrx_word' id='word_1_220' title='bbox 634 3572 689 3637; x_wconf 86' lang='lat' dir='ltr'>sed</span> <span class='ocrx_word' id='word_1_221' title='bbox 708 3572 893 3658; x_wconf 86' lang='lat' dir='ltr'><strong>turpissima</strong></span> <span class='ocrx_word' id='word_1_222' title='bbox 906 3572 988 3636; x_wconf 86' lang='lat' dir='ltr'><strong>vitia</strong></span> <span class='ocrx_word' id='word_1_223' title='bbox 1007 3578 1244 3647; x_wconf 85' lang='lat' dir='ltr'><strong>contraxerunt,</strong></span> <span class='ocrx_word' id='word_1_224' title='bbox 1261 3592 1332 3655; x_wconf 83' lang='lat' dir='ltr'><strong>quas</strong></span> <span class='ocrx_word' id='word_1_225' title='bbox 1351 3569 1412 3634; x_wconf 84' lang='lat' dir='ltr'>hac</span> 
     </span>
     <span class='ocr_line' id='line_1_26' title="bbox 314 3677 1411 3768; baseline 0.003 -27"><span class='ocrx_word' id='word_1_226' title='bbox 314 3677 390 3742; x_wconf 83' lang='lat' dir='ltr'><strong>data</strong></span> <span class='ocrx_word' id='word_1_227' title='bbox 408 3679 568 3745; x_wconf 86' lang='lat' dir='ltr'><strong>oooasione</strong></span> <span class='ocrx_word' id='word_1_228' title='bbox 587 3680 701 3746; x_wconf 86' lang='lat' dir='ltr'><strong>eluam.</strong></span> <span class='ocrx_word' id='word_1_229' title='bbox 746 3682 852 3768; x_wconf 86' lang='lat' dir='ltr'><strong>Lege:</strong></span> <span class='ocrx_word' id='word_1_230' title='bbox 877 3679 998 3764; x_wconf 81' lang='grc' dir='ltr'>οὐδαμῆ</span> <span class='ocrx_word' id='word_1_231' title='bbox 1019 3678 1081 3767; x_wconf 69' lang='grc' dir='ltr'>ιγάρ</span> <span class='ocrx_word' id='word_1_232' title='bbox 1105 3677 1282 3745; x_wconf 91' lang='grc' dir='ltr'>δεινότατον</span> <span class='ocrx_word' id='word_1_233' title='bbox 1304 3678 1367 3745; x_wconf 81' lang='grc' dir='ltr'>οὐδ’</span> <span class='ocrx_word' id='word_1_234' title='bbox 1390 3681 1411 3761; x_wconf 94' lang='grc' dir='ltr'>ἡ</span> 
     </span>
     <span class='ocr_line' id='line_1_27' title="bbox 314 3785 1410 3879; baseline 0.004 -28"><span class='ocrx_word' id='word_1_235' title='bbox 314 3785 441 3876; x_wconf 81' lang='grc' dir='ltr'>σφόδρα</span> <span class='ocrx_word' id='word_1_236' title='bbox 455 3790 584 3879; x_wconf 83' lang='grc' dir='ltr'>ἀπειρία</span> <span class='ocrx_word' id='word_1_237' title='bbox 598 3793 669 3858; x_wconf 80' lang='grc' dir='ltr'>οὔτε</span> <span class='ocrx_word' id='word_1_238' title='bbox 682 3792 833 3877; x_wconf 83' lang='grc' dir='ltr'>μέγιστον</span> <span class='ocrx_word' id='word_1_239' title='bbox 847 3796 909 3858; x_wconf 84' lang='grc' dir='ltr'>τῶν</span> <span class='ocrx_word' id='word_1_240' title='bbox 923 3793 1052 3858; x_wconf 86' lang='grc' dir='ltr'>πάντων</span> <span class='ocrx_word' id='word_1_241' title='bbox 1066 3789 1171 3858; x_wconf 83' lang='grc' dir='ltr'>κακόν.</span> <span class='ocrx_word' id='word_1_242' title='bbox 1219 3792 1312 3865; x_wconf 80' lang='lat' dir='ltr'><strong>Quod</strong></span> <span class='ocrx_word' id='word_1_243' title='bbox 1326 3793 1410 3856; x_wconf 92' lang='lat' dir='ltr'><strong>ordi·</strong></span> 
     </span>
     <span class='ocr_line' id='line_1_28' title="bbox 313 3900 1410 3983; baseline 0.003 -20"><span class='ocrx_word' id='word_1_244' title='bbox 313 3921 390 3964; x_wconf 88' lang='lat' dir='ltr'>nem</span> <span class='ocrx_word' id='word_1_245' title='bbox 408 3900 504 3966; x_wconf 87' lang='lat' dir='ltr'><strong>etiam</strong></span> <span class='ocrx_word' id='word_1_246' title='bbox 517 3926 631 3968; x_wconf 88' lang='lat' dir='ltr'><strong>vooum</strong></span> <span class='ocrx_word' id='word_1_247' title='bbox 649 3906 781 3983; x_wconf 88' lang='lat' dir='ltr'><strong>mutavi,</strong></span> <span class='ocrx_word' id='word_1_248' title='bbox 797 3929 863 3970; x_wconf 91' lang='lat' dir='ltr'>non</span> <span class='ocrx_word' id='word_1_249' title='bbox 884 3905 952 3970; x_wconf 87' lang='lat' dir='ltr'><strong>sine</strong></span> <span class='ocrx_word' id='word_1_250' title='bbox 969 3928 1064 3970; x_wconf 87' lang='lat' dir='ltr'><strong>eausa</strong></span> <span class='ocrx_word' id='word_1_251' title='bbox 1083 3912 1115 3969; x_wconf 85' lang='lat' dir='ltr'>et</span> <span class='ocrx_word' id='word_1_252' title='bbox 1133 3904 1187 3969; x_wconf 91' lang='lat' dir='ltr'>hio</span> <span class='ocrx_word' id='word_1_253' title='bbox 1206 3903 1288 3967; x_wconf 92' lang='lat' dir='ltr'><strong>mihi</strong></span> <span class='ocrx_word' id='word_1_254' title='bbox 1302 3903 1410 3967; x_wconf 80' lang='lat' dir='ltr'><strong>fecisse</strong></span> 
     </span>
     <span class='ocr_line' id='line_1_29' title="bbox 312 4009 1411 4100; baseline 0.002 -26"><span class='ocrx_word' id='word_1_255' title='bbox 312 4009 431 4089; x_wconf 83' lang='lat' dir='ltr'><strong>videor,</strong></span> <span class='ocrx_word' id='word_1_256' title='bbox 447 4020 479 4077; x_wconf 89' lang='lat' dir='ltr'>et</span> <span class='ocrx_word' id='word_1_257' title='bbox 497 4014 607 4080; x_wconf 86' lang='lat' dir='ltr'><strong>multis</strong></span> <span class='ocrx_word' id='word_1_258' title='bbox 627 4015 697 4081; x_wconf 85' lang='lat' dir='ltr'><strong>aliis</strong></span> <span class='ocrx_word' id='word_1_259' title='bbox 716 4015 752 4080; x_wconf 92' lang='lat' dir='ltr'>in</span> <span class='ocrx_word' id='word_1_260' title='bbox 771 4015 848 4081; x_wconf 89' lang='lat' dir='ltr'><strong>loeis</strong></span> <span class='ocrx_word' id='word_1_261' title='bbox 867 4017 1004 4082; x_wconf 85' lang='lat' dir='ltr'><strong>libenter</strong></span> <span class='ocrx_word' id='word_1_262' title='bbox 1019 4015 1163 4091; x_wconf 86' lang='lat' dir='ltr'><strong>facerem,</strong></span> <span class='ocrx_word' id='word_1_263' title='bbox 1180 4015 1235 4079; x_wconf 87' lang='lat' dir='ltr'>sed</span> <span class='ocrx_word' id='word_1_264' title='bbox 1253 4037 1411 4100; x_wconf 86' lang='lat' dir='ltr'><strong>nusquam</strong></span> 
     </span>
     <span class='ocr_line' id='line_1_30' title="bbox 256 4112 1409 4214; baseline 0.003 -29"><span class='ocrx_word' id='word_1_265' title='bbox 256 4112 260 4117; x_wconf 37' lang='lat'>⁵</span> <span class='ocrx_word' id='word_1_266' title='bbox 311 4120 463 4188; x_wconf 81' lang='lat' dir='ltr'><strong>fidentius</strong></span> <span class='ocrx_word' id='word_1_267' title='bbox 488 4148 585 4211; x_wconf 85' lang='lat' dir='ltr'><strong>quam</strong></span> <span class='ocrx_word' id='word_1_268' title='bbox 609 4126 645 4191; x_wconf 88' lang='lat' dir='ltr'>in</span> <span class='ocrx_word' id='word_1_269' title='bbox 670 4128 743 4193; x_wconf 80' lang='lat'><strong>727.</strong></span> <span class='ocrx_word' id='word_1_270' title='bbox 799 4124 869 4192; x_wconf 82' lang='grc' dir='ltr'>οὐδέ</span> <span class='ocrx_word' id='word_1_271' title='bbox 895 4124 924 4210; x_wconf 64' lang='grc' dir='ltr'>’γ’</span> <span class='ocrx_word' id='word_1_272' title='bbox 951 4124 1073 4191; x_wconf 83' lang='grc' dir='ltr'>ὁπόταν</span> <span class='ocrx_word' id='word_1_273' title='bbox 1100 4123 1253 4214; x_wconf 76' lang='grc' dir='ltr'>χρήματά</span> <span class='ocrx_word' id='word_1_274' title='bbox 1281 4150 1328 4194; x_wconf 93' lang='grc' dir='ltr'>τις</span> <span class='ocrx_word' id='word_1_275' title='bbox 1353 4124 1409 4211; x_wconf 80' lang='grc' dir='ltr'>ε’ρᾷ</span> 
     </span>
     <span class='ocr_line' id='line_1_31' title="bbox 310 4232 1410 4328; baseline 0.002 -31"><span class='ocrx_word' id='word_1_276' title='bbox 310 4232 451 4299; x_wconf 82' lang='grc' dir='ltr'>κτᾶσθαι</span> <span class='ocrx_word' id='word_1_277' title='bbox 468 4232 513 4317; x_wconf 92' lang='grc' dir='ltr'>μὴ</span> <span class='ocrx_word' id='word_1_278' title='bbox 528 4239 641 4313; x_wconf 81' lang='grc' dir='ltr'>καλῶς,</span> <span class='ocrx_word' id='word_1_279' title='bbox 656 4237 677 4321; x_wconf 82' lang='grc' dir='ltr'>ἡ</span> <span class='ocrx_word' id='word_1_280' title='bbox 691 4237 735 4322; x_wconf 88' lang='grc' dir='ltr'>μὴ</span> <span class='ocrx_word' id='word_1_281' title='bbox 751 4236 911 4328; x_wconf 82' lang='grc' dir='ltr'>δυσχερῶς</span> <span class='ocrx_word' id='word_1_282' title='bbox 929 4237 1009 4327; x_wconf 77' lang='grc' dir='ltr'>φέρῃ</span> <span class='ocrx_word' id='word_1_283' title='bbox 1025 4234 1188 4320; x_wconf 83' lang='grc' dir='ltr'>κτώμενος,</span> <span class='ocrx_word' id='word_1_284' title='bbox 1203 4236 1259 4302; x_wconf 89' lang='lat' dir='ltr'>ubi</span> <span class='ocrx_word' id='word_1_285' title='bbox 1273 4235 1410 4300; x_wconf 84' lang='lat' dir='ltr'><strong>alterum</strong></span> 
     </span>
     <span class='ocr_line' id='line_1_32' title="bbox 309 4342 1410 4435; baseline 0 -24"><span class='ocrx_word' id='word_1_286' title='bbox 309 4342 357 4427; x_wconf 90' lang='grc' dir='ltr'>μὴ</span> <span class='ocrx_word' id='word_1_287' title='bbox 384 4353 456 4432; x_wconf 84' lang='lat' dir='ltr'><strong>post</strong></span> <span class='ocrx_word' id='word_1_288' title='bbox 484 4344 563 4435; x_wconf 82' lang='grc' dir='ltr'>φέρῃ</span> <span class='ocrx_word' id='word_1_289' title='bbox 592 4351 773 4435; x_wconf 89' lang='lat' dir='ltr'><strong>ponendum</strong></span> <span class='ocrx_word' id='word_1_290' title='bbox 799 4359 855 4416; x_wconf 89' lang='lat' dir='ltr'><strong>est.</strong></span> <span class='ocrx_word' id='word_1_291' title='bbox 909 4349 972 4416; x_wconf 83' lang='lat' dir='ltr'>Sed</span> <span class='ocrx_word' id='word_1_292' title='bbox 996 4358 1168 4434; x_wconf 84' lang='lat' dir='ltr'><strong>antequam</strong></span> <span class='ocrx_word' id='word_1_293' title='bbox 1192 4347 1279 4411; x_wconf 88' lang='lat' dir='ltr'><strong>huno</strong></span> <span class='ocrx_word' id='word_1_294' title='bbox 1304 4347 1410 4412; x_wconf 86' lang='lat' dir='ltr'><strong>locum</strong></span> 
     </span>
     <span class='ocr_line' id='line_1_33' title="bbox 310 4457 1410 4548; baseline 0.001 -26"><span class='ocrx_word' id='word_1_295' title='bbox 310 4457 474 4524; x_wconf 78' lang='lat' dir='ltr'><strong>dimittam</strong></span> <span class='ocrx_word' id='word_1_296' title='bbox 496 4459 575 4525; x_wconf 89' lang='lat' dir='ltr'><strong>libet</strong></span> <span class='ocrx_word' id='word_1_297' title='bbox 596 4460 809 4546; x_wconf 82' lang='lat' dir='ltr'><strong>conjecturam</strong></span> <span class='ocrx_word' id='word_1_298' title='bbox 830 4461 982 4548; x_wconf 85' lang='lat' dir='ltr'><strong>proferre,</strong></span> <span class='ocrx_word' id='word_1_299' title='bbox 1005 4481 1068 4545; x_wconf 85' lang='lat' dir='ltr'>qua</span> <span class='ocrx_word' id='word_1_300' title='bbox 1090 4467 1238 4543; x_wconf 86' lang='lat' dir='ltr'><strong>corrupta</strong></span> <span class='ocrx_word' id='word_1_301' title='bbox 1259 4457 1316 4522; x_wconf 85' lang='lat' dir='ltr'><strong>illa</strong></span> <span class='ocrx_word' id='word_1_302' title='bbox 1338 4482 1410 4544; x_wconf 83' lang='lat' dir='ltr'><strong>quae</strong></span> 
     </span>
     <span class='ocr_line' id='line_1_34' title="bbox 309 4568 1410 4658; baseline 0.001 -25"><span class='ocrx_word' id='word_1_303' title='bbox 309 4591 388 4634; x_wconf 87' lang='lat' dir='ltr'>mox</span> <span class='ocrx_word' id='word_1_304' title='bbox 407 4568 560 4657; x_wconf 78' lang='lat' dir='ltr'><strong>legrmtur</strong></span> <span class='ocrx_word' id='word_1_305' title='bbox 574 4572 680 4637; x_wconf 87' lang='lat' dir='ltr'><strong>sanari</strong></span> <span class='ocrx_word' id='word_1_306' title='bbox 698 4597 788 4658; x_wconf 89' lang='lat' dir='ltr'><strong>posse</strong></span> <span class='ocrx_word' id='word_1_307' title='bbox 803 4573 959 4639; x_wconf 88' lang='lat' dir='ltr'><strong>existimo.</strong></span> <span class='ocrx_word' id='word_1_308' title='bbox 1004 4571 1120 4656; x_wconf 85' lang='lat' dir='ltr'><strong>Itaque</strong></span> <span class='ocrx_word' id='word_1_309' title='bbox 1138 4570 1221 4656; x_wconf 83' lang='lat' dir='ltr'><strong>lego,</strong></span> <span class='ocrx_word' id='word_1_310' title='bbox 1236 4568 1318 4652; x_wconf 81' lang='grc' dir='ltr'>μετὰ</span> <span class='ocrx_word' id='word_1_311' title='bbox 1335 4596 1410 4634; x_wconf 86' lang='grc' dir='ltr'>παι-</span> 
     </span>
     <span class='ocr_line' id='line_1_35' title="bbox 308 4676 1411 4770; baseline 0.001 -27"><span class='ocrx_word' id='word_1_312' title='bbox 308 4676 379 4750; x_wconf 81' lang='grc' dir='ltr'>διᾶς</span> <span class='ocrx_word' id='word_1_313' title='bbox 404 4706 439 4746; x_wconf 89' lang='grc' dir='ltr'>τε</span> <span class='ocrx_word' id='word_1_314' title='bbox 464 4681 516 4749; x_wconf 77' lang='grc' dir='ltr'>καί</span> <span class='ocrx_word' id='word_1_315' title='bbox 541 4683 652 4768; x_wconf 83' lang='grc' dir='ltr'>ἡδονῆς</span> <span class='ocrx_word' id='word_1_316' title='bbox 676 4684 828 4769; x_wconf 85' lang='grc' dir='ltr'>μανθάνει</span> <span class='ocrx_word' id='word_1_317' title='bbox 852 4683 964 4770; x_wconf 85' lang='grc' dir='ltr'>μὴλων</span> <span class='ocrx_word' id='word_1_318' title='bbox 989 4710 1024 4750; x_wconf 83' lang='grc' dir='ltr'>τε</span> <span class='ocrx_word' id='word_1_319' title='bbox 1053 4681 1146 4748; x_wconf 89' lang='grc' dir='ltr'>τίνων</span> <span class='ocrx_word' id='word_1_320' title='bbox 1171 4681 1332 4765; x_wconf 83' lang='grc' dir='ltr'>διανομαῖς</span> <span class='ocrx_word' id='word_1_321' title='bbox 1357 4678 1411 4745; x_wconf 77' lang='grc' dir='ltr'>καὶ</span> 
     </span>
    </p>

    <p class='ocr_par' dir='ltr' id='par_1_4' title="bbox 1269 4822 1283 4867">
     <span class='ocr_line' id='line_1_36' title="bbox 1269 4822 1283 4867; baseline 0 0"><span class='ocrx_word' id='word_1_322' title='bbox 1269 4822 1283 4867; x_wconf 83' lang='lat' dir='ltr'><strong>s</strong></span> 
     </span>
    </p>
   </div>
   <div class='ocr_carea' id='block_1_3' title="bbox 0 0 1930 5700">
    <p class='ocr_par' dir='ltr' id='par_1_5' title="bbox 0 0 1930 5700">
     <span class='ocr_line' id='line_1_37' title="bbox 0 0 1930 5700; baseline 0 6"><span class='ocrx_word' id='word_1_323' title='bbox 0 0 1930 5700; x_wconf 95' lang='lat' dir='ltr'> </span> 
     </span>
    </p>
   </div>
  </div>
 </body>
</html>
