3850 5700
445 766 486 833 10
922 763 1128 819 σοιτουοΣ

444 904 582 1005 τρίκλου
603 912 698 1005 ἐροῖν,
725 904 760 994 ὃς
787 900 827 1000 ἠν
852 910 995 979 καλλίων
1021 903 1057 979 οὗ
1084 903 1179 1000 μόνον
1200 904 1395 1002 Πατρόκλου
1423 902 1515 978 ἀλλά
1543 906 1607 977 καὶ

445 1042 509 1107 τῶν
528 1032 640 1133 ἡρώων
666 1032 903 1108 ἁπάντωνκαὶ
930 1040 979 1107 ἐτι
1004 1032 1163 1129 ἀγένειος,
1192 1039 1307 1108 ἔπειτα
1328 1032 1476 1130 νεώτερος
1504 1029 1605 1120 πολύ,

446 1162 489 1249 ὥς
504 1191 602 1260 φησιν
612 1162 770 1261 Ὄμηρος.
806 1161 896 1237 ἀλλά
916 1161 1045 1263 γάρτῷ
1065 1159 1135 1236 ὄντι
1154 1159 1375 1258 μάλισταμέν
1393 1159 1521 1254 ταύτην
1539 1158 1606 1254 την

445 1288 566 1389 ἀρετὴν
586 1293 614 1364 οἱ
633 1294 695 1364 θεοὶ
714 1298 832 1386 τιμῶσι
850 1289 910 1385 τὴν
929 1293 1001 1388 περὶ
1018 1288 1073 1365 τὸν
1095 1296 1217 1388 ἔρωτα,
1246 1295 1370 1384 μοῖλλον
1393 1296 1503 1384 μέντοι
1524 1294 1649 1361 θαυ-θ-

446 1415 585 1512 μάζουσι
601 1422 660 1491 καὶ
676 1418 825 1514 ἀγανται
841 1421 902 1491 καὶ
919 1412 954 1492 εθ
975 1426 1131 1510 ποιοῦσιν,
1157 1418 1237 1491 ’ὅταν
1254 1416 1269 1492 ὁ
1287 1415 1441 1515 ἐρώμενος
1456 1416 1511 1491 τὸν
1528 1421 1607 1514 ἐρα-

446 1546 527 1641 στὴν
552 1545 696 1647 ἀγαπηῖ,
722 1546 745 1642 ἦ
768 1545 848 1620 ὅταν
870 1544 886 1621 ὁ
905 1547 1049 1644 ἐραστὴς
1071 1546 1116 1620 τοὶ
1140 1545 1292 1620 παιδικά.
1346 1544 1497 1643 θειάτερον
1517 1542 1607 1643 γάρ·
1650 1635 1655 1643 ρ

448 1669 604 1779 [ἐραστὴς
620 1682 796 1750 παιδικῶν·
824 1681 924 1763 ἔνθεος
939 1673 1006 1772 γάρ
1022 1673 1117 1773 ἐστι]
1151 1674 1209 1749 διά
1223 1682 1336 1748 ταῦτα
1351 1678 1411 1748 καὶ
1424 1673 1478 1748 τὸν
1492 1671 1607 1769 Ἀχιλ-

444 1810 507 1877 λέα
521 1811 584 1894 τῆς
597 1802 814 1897 Ἀλκήστιδος
831 1810 955 1898 μᾶλλον
971 1808 1130 1899 ἐτίμησαν
1148 1808 1194 1889 εἰς
1210 1801 1369 1900 μακάρων
1384 1800 1504 1897 νήσους
1520 1798 1608 1875 ἀπο-

446 1935 646 2031 πέμψαντες.
700 1931 799 2005 Οὕτω
826 1931 871 2024 δὴ
896 1937 997 2027 ἔγωγέ
1019 1960 1104 2029 φημι
1123 1930 1263 2028 Ἔρωτα
1281 1937 1358 2004 θεῶν
1383 1932 1443 2005 καὶ
1463 1928 1609 2027 πρεσβί-

446 2088 546 2134 τατον
570 2063 629 2133 καὶ
652 2057 849 2154 τιμιώτατον
867 2064 927 2134 καὶ
947 2058 1149 2158 κυριώτατον
1168 2058 1312 2147 εἶναιτίς
1330 2057 1453 2157 ἀρετῆς
1471 2060 1534 2131 καὶ
1554 2055 1610 2131 εθ-

446 2192 619 2284 δαιμονίας
645 2196 762 2282 κτῆσιν
789 2186 967 2287 ἀνθρώποις
993 2191 1052 2262 καὶ
1079 2196 1156 2277 ζῶσι
1182 2191 1242 2262 κάὶ
1268 2185 1514 2282 τελευτήσασιν.

525 2318 617 2393 Vlll.
670 2322 816 2416 Φαῖδρον
837 2321 894 2412 μὲν
913 2314 1060 2391 τοιοῦτόν
1079 2344 1154 2390 τινα
1172 2314 1266 2412 λάγον
1288 2322 1351 2413 ἔφη
1373 2321 1489 2404 εἰπεῖν,
1518 2315 1633 2410 μετάο

446 2449 482 2520 δὲ
497 2451 642 2543 Φαῶρον
661 2445 781 2532 ἀλλους
804 2444 1001 2532 τινάςείναι
1025 2438 1067 2518 ὧν
1092 2444 1129 2519 οθ
1153 2444 1240 2518 πάνυ
1256 2443 1521 2539 διεμνημόνευον·
1550 2443 1611 2532 οὓς

448 2577 561 2671 παρεὶς
583 2573 636 2647 τὸν
656 2578 847 2647 Παυσανίου
872 2571 965 2668 λόγον
988 2581 1141 2668 διηγεῖτο.
1195 2577 1292 2647 εἰπεῖν
1311 2571 1338 2647 δ’
1362 2570 1461 2646 αὐτὸν
1481 2571 1535 2645 ὅτι
1551 2570 1607 2647 Ου’
1631 2555 1640 2570 ’

446 2709 559 2788 καλῶς
582 2730 636 2796 μοι
659 2708 766 2793 δοκεῖ,
793 2696 986 2799 άΦαιδρε,
1014 2707 1252 2798 προβεβλῆσθαι
1277 2699 1355 2794 ἡμῖν
1382 2698 1398 2775 θ
1423 2697 1537 2795 λόγος,
1568 2700 1608 2775 τὸ

447 2828 562 2919 ἁπλοῖς
576 2830 678 2918 οὕτως
697 2835 924 2929 παρηγγελθαι
943 2828 1152 2926 ἐγκωμιάζειν
1164 2829 1312 2928 Ἔρωτα.
1353 2833 1381 2902 εῖ
1399 2831 1454 2925 μὲν
1473 2828 1540 2929 γὀὶρ
1559 2827 1624 2929 είς

446 2953 487 3054 ἧν
508 2958 665 3057 ὁἜρως,
694 2965 804 3048 καλῶς
823 2959 864 3033 ἀν
887 2958 967 3054 εἶχε·
995 2966 1050 3032 νῦν
1068 2966 1105 3032 δέ
1126 3001 1178 3012 -
1204 2956 1242 3032 σά
1267 2958 1443 3056 γάρέστιν
1462 2955 1526 3047 είς,
1557 2959 1607 3056 μή

446 3087 537 3175 ὄντος
562 3087 589 3163 δ’
617 3088 685 3176 ἐνὸς
710 3085 872 3187 ὀρθότερόν
900 3094 971 3162 ἐστι
997 3085 1147 3185 πρότερον
1176 3093 1393 3185 προρρηθηναι
1418 3084 1527 3159 ὁποῖον
1555 3094 1610 3161 δεῖ

446 3222 595 3291 ἐπαινεῖν.
649 3215 711 3311 ἐγω
737 3210 792 3289 οὖν
817 3214 1015 3312 πειράσομαι
1038 3213 1124 3289 τοῦτ’
1144 3213 1447 3312 ἐπανορθώσασθαι,
1473 3221 1633 3313 πρῶτονᾱ
1670 3254 1680 3267 ·

447 3349 503 3439 μὲν
517 3344 655 3440 Ἔρωτα
672 3342 800 3441 φράσαι
818 3342 851 3417 ὃν
872 3352 921 3418 δεῖ
937 3350 1094 3434 ἐπαινεῖν,
1121 3342 1217 3417 ἔπειτ’
1237 3349 1406 3417 ἐπαινέσαι
1423 3340 1524 3431 ἀξίως
1542 3352 1607 3418 τοῦ

447 3479 527 3545 θεοῦ.
580 3469 710 3558 Πάντες
727 3470 792 3570 γάρ
817 3476 927 3567 ίσμεν,
953 3472 1005 3547 ’ίτι
1030 3470 1092 3545 οὐκ
1113 3477 1199 3546 ἐστιν
1224 3471 1301 3546 ἀνευ
1318 3470 1467 3569 Ἔρωτος
1483 3469 1608 3576 Ἀφρο-

446 3605 531 3691 δίτη.
587 3607 667 3695 μιοῖς
693 3604 749 3694 μὲν
776 3594 832 3674 οὖν
853 3600 973 3694 οίίσης,
990 3599 1046 3704 εἷς
1068 3598 1109 3673 ἀν
1125 3593 1170 3690 ’ἧν
1189 3598 1317 3697 Ἔρως·
1345 3603 1414 3673 ἐπεὶ
1434 3602 1471 3673 δὲ
1488 3599 1532 3695 δὴ
1552 3600 1604 3674 δύ’

447 3727 558 3820 ἐστίν,
585 3726 635 3802 δί’
655 3726 791 3824 ἀνάγκη
815 3731 873 3802 καὶ
892 3728 1020 3826 Ἔρωτε
1039 3727 1129 3801 εῐναι.
1184 3735 1253 3814 πῶς
1270 3725 1297 3800 δ’
1321 3725 1358 3800 οά
1380 3726 1440 3801 δυό
1459 3727 1506 3801 τά
1525 3728 1605 3814 θεάς

447 3855 469 3950 ἡ
489 3865 545 3953 μέν
565 3864 604 3952 γέ
622 3885 684 3931 που
708 3863 909 3955 πρεσβυτέρα
932 3860 992 3930 καὶ
1016 3855 1172 3954 ἀμήτωρ,
1199 3853 1349 3954 Οὐρανοῦ
1369 3853 1533 3952 θυγάτηρ,
1562 3855 1606 3949 ἣν

447 3985 489 4080 δὴ
506 3989 567 4059 καὶ
584 3983 737 4083 οὐρανίαν
756 3984 1011 4079 ἐπονομάζομεν·
1038 3983 1061 4080 η
1082 3987 1119 4059 δὲ
1137 3990 1278 4081 νεωτέρα
1297 3984 1371 4071 Διὸς
1386 3986 1447 4058 καὶ
1464 3982 1605 4079 Διωνης,

446 4113 487 4209 ἣν
511 4113 554 4208 δὴ
573 4111 742 4208 πάνδημον
760 4119 941 4208 καλοῦμεν·
969 4110 1155 4209 ἀναγκαῖον
1172 4112 1215 4205 δὴ
1234 4115 1294 4185 καὶ
1306 4112 1445 4211 Ἔρωτα
1466 4112 1522 4204 τὸν
1545 4117 1630 4207 {abu

447 4249 492 4339 τῇ
512 4248 608 4343 ἑτέρη
627 4242 776 4341 συνεργὸν
798 4241 967 4335 πάνδημον
986 4239 1083 4339 ὀρθῶς
1104 4246 1292 4332 καλεῖσθαι,
1319 4240 1374 4315 τὸν
1396 4239 1422 4314 δ’
1443 4238 1606 4337 ου’ράνιον.

448 4377 587 4445 ἐπαινεῖν
606 4375 662 4465 μὲν
686 4365 741 4445 οὖν
759 4378 816 4444 δεῖ·
826 4368 959 4456 πάντας
982 4368 1080 4456 θεοάς.
1134 4369 1159 4444 ά
1181 4367 1209 4442 δ’
1231 4363 1287 4443 οὖν
1313 4367 1467 4466 ἑκάτερος
1493 4372 1608 4466 εἴληχε

448 4506 615 4598 πειρατέον
634 4505 740 4573 εἰπεῖν.
782 4506 880 4573 παῖσα
896 4497 960 4595 γάρ
978 4500 1098 4595 πρᾶξις
1116 4490 1168 4571 ὧδ’
1191 4503 1270 4593 ἔχει·
1298 4495 1390 4592 αὕτη
1407 4495 1456 4594 ἐρ’
1477 4502 1608 4589 ἑαυτῆς

391 4655 437 4702 ιιι
449 4635 658 4726 πραττομένη
677 4627 750 4702 οὔτε
770 4626 860 4721 καλὴ
878 4624 944 4700 οὔτ’
962 4624 1092 4724 αἰσχρά
1128 4623 1232 4699 ὀἷονὸ
1252 4633 1308 4699 νῦν
1323 4624 1418 4719 ἡμεῖς
1435 4630 1632 4720 ποιοῖμεν,ι

447 4757 470 4852 ἤ
488 4762 587 4832 πίνειν
602 4786 625 4851 η
645 4756 733 4855 ᾄδειν
748 4756 771 4850 η’
787 4761 1004 4850 διαλέγεσθαι,
1025 4753 1087 4827 οθκ
1101 4759 1172 4828 ἐστι
1186 4752 1307 4829 τούτων
1325 4752 1408 4828 αὐτὸ
1426 4751 1498 4826 καθ’
1517 4753 1607 4831 αὑτὸ

448 4886 549 4961 καλὸν
569 4884 677 4974 οὐδέν’,
705 4882 777 4958 ἀλλ’
798 4888 830 4956 ἐν
848 4890 891 4978 τῇ
908 4880 1023 4979 πράξει
1042 4880 1085 4968 ὦς
1101 4881 1143 4956 ἀν
1164 4888 1291 4981 πραχθῇ
1310 4889 1453 4958 τοιοῦτον
1471 4879 1606 4979 ἀπέβη·
