3850 5700
393 757 414 826 6
870 717 1094 809 numm

393 901 465 993 ἐμοί
488 925 524 971 τε
550 899 610 971 καὶ
629 893 855 997 Ἀριστοδήμῳ
878 897 938 969 καὶ
957 898 1093 996 Φαίδρῳ
1115 897 1175 969 καὶ
1196 903 1322 979 τοῖσδε,
1349 898 1378 970 εί
1401 894 1499 991 ύμείς
1526 899 1565 971 οί4

389 1024 619 1100 δυνατώτατοι
638 1027 736 1098 πίνειν
755 1032 810 1098 νῦν
835 1022 1058 1121 ἀπειρήκατε·
1084 1021 1179 1118 ήμείς
1196 1027 1253 1118 μὲν
1268 1023 1335 1121 γοὶρ
1352 1021 1407 1097 οίεί
1429 1023 1555 1099 ἀδύνα·

394 1181 454 1228 τοι,
507 1152 674 1251 Σωκράτη
700 1152 727 1227 δ’
754 1155 869 1251 ἐξαιρῶ
898 1151 1015 1247 λόγου·
1051 1150 1163 1239 ἱκανὸς
1187 1151 1253 1250 γοὶρ
1281 1156 1341 1226 καὶ
1364 1150 1554 1251 ἀμφύτερα,

395 1280 470 1356 ὥστ’
491 1284 657 1380 ἐξαρκέσει
673 1280 766 1383 αύτῷ
784 1277 907 1379 ὁπύτερ’
928 1279 969 1355 α’ίν
986 1288 1135 1376 ποιῶμεν.
1189 1279 1300 1375 ἐπειδή
1319 1274 1373 1354 ούν
1390 1307 1445 1375 μοι
1461 1288 1557 1355 δοκεῖ

394 1409 499 1497 ούδεὶς
516 1418 580 1483 τῶν
601 1408 766 1508 παρέντων
783 1408 952 1507 προθύμως
970 1414 1051 1505 ἐχειν
1068 1408 1148 1508 πρὸς
1166 1408 1203 1483 τὸ
1222 1407 1322 1482 πολύν
1341 1412 1441 1482 πίνειν
1458 1407 1554 1499 οἶνον,

394 1542 473 1625 ίσως
495 1538 536 1611 οἲν
558 1536 621 1634 ἐγῶ
645 1541 718 1636 περί
738 1544 797 1611 τού
820 1535 1053 1633 μεθύσκεσθαι,
1087 1536 1151 1612 οίύν
1175 1543 1264 1627 ἐστι,
1291 1533 1423 1633 τάληθῆ
1449 1542 1554 1634 λέγων

393 1659 493 1761 ήττον
513 1665 554 1740 ἂν
573 1670 642 1760 είην
660 1664 777 1761 ἀηδής.
832 1668 902 1759 ἐμοὶ
927 1665 992 1764 γοὶρ
1011 1665 1052 1760 δή
1069 1664 1168 1741 τούτῶ
1193 1663 1222 1761 γ’
1243 1663 1333 1760 οἶμαι
1357 1664 1577 1761 κατάδηλονο

394 1802 559 1891 γεγονέναι
575 1800 613 1867 ἐκ
629 1801 692 1889 τῆς
711 1798 879 1891 ἰατρικῆς,
905 1793 957 1867 ύτι
980 1793 1123 1888 χαλεπὸν
1146 1803 1215 1881 τοῖς
1238 1793 1453 1893 οίνθρῶποιςή
1473 1801 1554 1889 μέθη

396 1926 482 1997 ἐστί·
509 1924 569 1996 καὶ
586 1916 652 1996 οὔτ’
670 1919 869 2009 αύτὸςέκῶν
886 1920 968 1995 εἶναι
984 1920 1092 2019 πύρρω
1108 1920 1290 2017 ἐθελήσαιμ’
1311 1921 1352 1996 α”ν
1369 1931 1463 2012 πἰείν,
1485 1921 1553 1999 οὔτ’

397 2050 487 2151 α’ίλλιρ
511 2047 807 2146 συμβουλεύσαιμι,
835 2048 946 2136 ἄλλως
966 2078 1003 2123 τε
1026 2053 1087 2123 καὶ
1107 2057 1346 2148 κραιπαλῶντα
1366 2056 1416 2124 ἐτι
1435 2055 1476 2124 ἐκ
1493 2059 1556 2145 τῆς

397 2182 600 2277 προτεραίας.
650 2176 760 2252 Ἀλλὰ
779 2178 859 2274 μήν,
887 2183 950 2276 ἐφη
970 2176 1305 2276 ράναιύπολαβύντα
1322 2184 1393 2253 Φαι
1435 2208 1469 2252 ον
1499 2178 1555 2255 τὸν

397 2306 645 2406 Μυρρινούσιον,
673 2312 775 2402 ἔγωγέ
793 2334 843 2381 σοι
860 2311 957 2379 εἴωθα
979 2310 1139 2380 πείθεσθαι
1156 2306 1266 2395 ἄλλως
1282 2336 1320 2381 τε
1337 2310 1397 2381 καὶ
1416 2306 1492 2382 ἅττ’
1515 2307 1555 2382 ἄν

397 2439 471 2534 περὶ
488 2440 643 2532 ἰατρικῆς
661 2441 698 2508 λέ
746 2463 772 2524 ς,
798 2442 853 2508 νύν
873 2432 914 2524 δ’,
941 2434 984 2509 οἶν
1003 2428 1038 2509 εύ
1058 2433 1287 2529 βουλεύωνται,
1314 2439 1374 2509 καὶ
1391 2440 1421 2509 οί
1437 2441 1555 2511 λοιποί

398 2570 520 2638 Ταῦτα
536 2562 579 2658 δή
600 2561 814 2649 ἀκούσαντας
835 2572 1009 2661 συγχωρεῖν
1033 2562 1165 2650 πάντας
1184 2562 1230 2658 μή
1252 2563 1308 2637 διαὶ
1336 2571 1376 2659 μέ
1418 2592 1434 2651 ς
1461 2563 1556 2660 ποιή-

400 2697 521 2767 σοισθαι
541 2690 600 2785 τήν
619 2696 651 2763 ἐν
667 2699 713 2791 τῷ
730 2688 866 2789 παρέντι
885 2695 1077 2782 συνουσίαν,
1105 2690 1178 2766 ἀλλ’
1199 2692 1285 2767 οὕτω
1304 2696 1458 2779 πίνοντας
1479 2692 1579 2793 πρὸςε

399 2817 528 2917 ἡδονήν.

480 2951 522 3024 V.
574 2946 710 3043 Ἐπειδὴ
737 2951 860 3040 τοίνυν,
894 2947 1000 3048 ροίναι
1025 2948 1081 3024 τὸν
1101 2947 1336 3045 Ἐρυξίμαχον,
1370 2957 1472 3024 τούτο
1503 2955 1559 3049 μέν

399 3086 570 3169 δέδοκται,
596 3080 695 3152 πίνειν
714 3076 787 3150 ὅσον
805 3075 847 3150 ῶν
865 3081 1007 3164 ἕκαστος
1026 3076 1205 3172 βούληται,
1232 3077 1418 3174 ἐπάναγκες
1437 3083 1479 3154 δὲ
1498 3108 1560 3175 μη-

400 3210 453 3280 δὲν
469 3203 567 3296 εἶναι,
593 3204 631 3278 τὸ
650 3203 737 3299 μετοὶ
754 3203 842 3279 τοῦτ’
863 3209 1062 3301 εἰσηγούμαι
1083 3204 1144 3300 τήν
1169 3208 1225 3299 μὲν
1248 3204 1325 3303 ἄρτι
1348 3210 1561 3283 εἰσελθοῦσαν

402 3331 590 3430 αύλητρίδα
617 3335 737 3430 χαίρειν
768 3337 843 3422 ἐοῐν,
878 3331 1048 3407 αύλούσαν
1078 3339 1203 3430 έαυτή,
1236 3333 1279 3428 ή,
1314 3332 1356 3407 ῶν
1383 3333 1562 3430 βούληται,

402 3471 478 3549 ταῖς
492 3462 621 3556 γυναιξὶ
638 3470 714 3548 ταῖς
733 3465 841 3544 ἔνδον,
867 3460 959 3557 ήμοῖς
979 3465 1016 3536 δὲ
1033 3461 1090 3535 διοὶ
1112 3460 1215 3558 λέγων
1235 3459 1393 3558 ἀλλήλοις
1414 3475 1564 3540 συνεῖναι

403 3589 440 3665 τὸ
459 3587 606 3687 τήμερον.
652 3593 712 3664 καὶ
730 3587 770 3663 δι’
789 3592 861 3663 σίων
879 3588 1001 3685 λύγων,
1028 3594 1056 3663 εί
1074 3587 1242 3685 βούλεσθε,
1268 3595 1362 3664 ἐθέλω
1376 3588 1453 3686 ύμῖν
1473 3598 1563 3688 εἰση-

344 3717 577 3814 ιτιγήσασθαι.
632 3716 745 3791 Φοίναι
767 3716 808 3812 δή
831 3715 965 3805 ποίντας
985 3715 1175 3811 βούλεσθαι,
1204 3721 1264 3792 καὶ
1287 3716 1428 3793 κελεύειν
1456 3720 1586 3797 αύτὸνι

403 3851 610 3941 εἰσηγεῖσθαι.
664 3850 777 3919 Είπείν
794 3839 849 3919 σύν
868 3844 923 3920 τὸν
939 3844 1169 3943 Ἐρυξίμαχον,
1196 3847 1246 3921 ὅτι
1260 3845 1306 3920 Ἠ
1323 3853 1379 3942 μέν
1398 3875 1453 3943 μοι
1472 3848 1561 3950 α’ρχή

402 3983 463 4050 τού
482 3972 579 4071 λύγου
601 3977 672 4048 ἐστὶ
690 3973 782 4048 κατοὶ
804 3973 864 4070 τήν
883 3971 1064 4082 Εύριπιδου
1083 3979 1315 4070 Μελανίππην·
1342 3972 1378 4051 ού
1398 3975 1466 4076 γὰρ
1485 3979 1565 4074 ἐμὸς

403 4101 419 4178 ὁ
440 4109 552 4200 μῦθος,
580 4101 671 4177 οἰλλοὶ
689 4107 836 4201 Φαίδρου
856 4109 968 4194 τούδε,
996 4101 1029 4178 ὃν
1046 4109 1152 4199 μέλλω
1171 4110 1284 4200 λέγειν.
1330 4109 1481 4203 Φαῶρος
1497 4109 1564 4208 γὰρ

404 4230 565 4308 ἑκάστοτε
581 4230 659 4329 πρός
676 4259 716 4326 με
732 4229 933 4328 ἀγανακτῶν
950 4239 1046 4329 λέγει,
1074 4230 1125 4306 Ού
1144 4223 1255 4322 δεινῶν,
1282 4237 1393 4331 φησίν,
1420 4227 1564 4336 ῶἘρω.

371 4365 372 4369 ’
404 4362 538 4455 ξίμαχε,
565 4359 677 4447 ἄλλοις
702 4366 757 4453 μέν
783 4387 849 4433 τισι
875 4364 952 4434 θεῶν
979 4360 1100 4456 ύμνους
1127 4363 1186 4434 καὶ
1213 4369 1363 4448 παιῶνας
1388 4360 1475 4437 εἶναι
1500 4363 1565 4440 ὑπὸ

403 4496 466 4562 τῶν
488 4496 629 4581 ποιητῶν
652 4496 903 4582 πεποιημένους,
929 4497 976 4587 τῷ
995 4489 1021 4562 δ’
1035 4488 1178 4586 Ἔρωτι,
1206 4488 1389 4592 τηλικούτῳ
1408 4488 1483 4568 ῶντι
1504 4497 1566 4569 καί

403 4614 548 4717 τοσούτῳ
573 4621 649 4717 θεῷ,
676 4619 761 4712 μηδὲ
784 4621 841 4689 ἕνα
868 4614 1000 4698 πῶποτε
1022 4616 1186 4692 τοσούτων
1210 4617 1386 4714 γεγονότων
1414 4627 1565 4716 ποιητῶν

403 4751 615 4838 πεποιηκέναι
633 4750 733 4840 μηδὲν
756 4743 930 4842 ἐγκῶμιον;
958 4751 987 4819 εἰ
1012 4749 1049 4820 δὲ
1067 4745 1175 4841 βούλει
1197 4741 1241 4820 αύ
1267 4751 1458 4846 σκέψασθαι
1486 4751 1590 4841 τούςυ

398 4873 565 4970 χρηστούς
580 4872 758 4971 σοφιστάς,
782 4873 987 4971 Ἡρακλέους
1004 4878 1061 4971 μὲν
1079 4878 1138 4949 καὶ
1156 4875 1263 4949 ἄλλων
1281 4879 1434 4964 ἐπαίνους
1449 4906 1566 4955 κατα·
