3850 5700
397 734 442 799 ⁴10
872 732 1080 801 ΠΛΑΤΩΝΟΣ

398 877 594 949 καταλείπει
610 876 715 970 ἕτερον
731 880 799 947 νέον
818 871 893 948 ἀντὶ
910 881 968 948 τού
987 879 1132 950 παλαιοῦ
1140 892 1150 914 ’·
1164 867 1246 969 ήέπεὶ
1261 878 1368 950 καὶέν
1381 869 1411 978 ᾧ
1427 827 1559 951 ἐν-’ἕκα-

400 1029 476 1077 στον
494 1005 559 1075 τῶν
582 999 666 1099 ζῴων
692 1008 749 1095 ζῆν
767 1009 920 1075 καλεῖται
938 1004 998 1075 καὶ
1018 1000 1099 1075 είναι
1115 1002 1256 1094 ταύτόν,
1284 1003 1347 1078 οἱον
1369 1010 1410 1078 ἐκ
1432 1014 1560 1079 παιδα-

400 1135 468 1229 ρίου
487 1128 503 1203 ό
529 1126 632 1214 αύτὸς
655 1134 787 1224 λέγεται
806 1132 865 1215 ἕως
884 1128 924 1201 ἀν
943 1129 1129 1226 πρεσβύτης
1147 1137 1301 1225 γένηται·
1327 1124 1423 1220 οότος
1446 1140 1560 1228 μέντοι

401 1259 556 1333 οόδέποτε
572 1254 667 1330 ταῦτ’
687 1262 765 1352 ἔχων
781 1262 813 1329 ἐν
829 1254 921 1356 αύτῷ
938 1256 1026 1361 όμως
1041 1255 1057 1331 ό
1075 1256 1176 1344 αύτός
1189 1264 1352 1349 καλεῖται,
1379 1258 1475 1334 ἀλλά
1490 1268 1561 1348 νέος

401 1386 455 1461 ἀεὶ
467 1383 661 1481 γιγνόμενος,
688 1383 736 1457 τοὶ·
748 1383 775 1457 δ’
793 1382 951 1475 ἀπολλύς,
979 1383 1145 1459 καὶκατὰ
1159 1384 1223 1472 τοὶς
1238 1391 1351 1484 τρίχας
1366 1390 1427 1461 καὶ
1441 1387 1562 1487 σάρκα

401 1518 467 1595 καὶ,
478 1512 564 1589 όστοῖ
582 1515 641 1585 καὶ
660 1511 747 1608 αἱμα
766 1516 825 1586 καὶ
844 1511 974 1607 ξύμπαν
993 1511 1031 1587 τό
1052 1521 1158 1608 σῶμα.
1200 1517 1260 1588 καὶ
1276 1513 1323 1609 μὴ
1339 1514 1391 1589 ’ότι
1404 1515 1507 1590 κατά
1522 1517 1585 1591 τὸι

343 1728 346 1731 ‚
401 1651 516 1737 σῶμα,
544 1638 634 1716 ἀλλὰ
655 1639 825 1713 καὶκατὰ
844 1639 904 1735 τήν
928 1638 1036 1739 ψυχὴν
1060 1646 1089 1714 οἱ
1112 1639 1245 1738 τρόποι,
1271 1641 1316 1715 τοὶ
1338 1641 1422 1738 ἤθη,
1449 1642 1561 1736 δόξαι,

401 1774 583 1866 ἐπιθυμίαι,
618 1767 751 1863 ἡδοναί,
787 1774 908 1858 λύπαι,
943 1766 1054 1865 φόβοι,
1090 1766 1213 1844 τούτων
1243 1775 1375 1844 ἕκαστα
1401 1770 1564 1846 οὐδέποτε

401 1896 514 1973 ταύτοὶ
535 1895 690 1993 πάρεστιν
715 1894 865 1995 ἑκάστῳ,
892 1893 984 1969 ἀλλὰ
1007 1894 1053 1985 τοὶ
1073 1899 1130 1989 μὲν
1147 1899 1311 1991 γίγνεται,
1337 1896 1384 1970 τοὶ
1404 1896 1430 1972 δ’
1453 1897 1564 1974 ἀπόλ-

400 2034 509 2100 λυται.
562 2022 644 2097 πολύ
664 2027 701 2097 δὲ
718 2021 839 2096 τούτων
858 2020 1065 2121 ἀτοπώτερον
1084 2029 1150 2114 ἐτι,
1177 2024 1228 2098 ότι
1244 2027 1304 2097 καὶ
1320 2029 1356 2098 αἱ
1372 2016 1565 2122 ἐπιστῆμαι

342 2154 448 2249 νσεμή
466 2154 518 2227 ότι
537 2157 573 2226 αἱ
593 2155 649 2249 μὲν
668 2155 850 2247 γίγνονται,
878 2155 914 2223 αἱ
931 2149 957 2223 δ’
980 2149 1186 2226 ἀπόλλυνται
1202 2150 1297 2247 ἡμῖν,
1324 2155 1384 2226 καὶ
1409 2150 1588 2229 ούδέπσθίη

402 2286 432 2356 οἱ
455 2279 553 2355 αύτοί
572 2286 667 2375 ἐσμεν
687 2276 762 2353 ούδὲ
778 2278 871 2352 κατὰ
890 2278 954 2365 τοὶς
974 2278 1177 2375 ἐπιστήμας,
1205 2278 1296 2354 ἀλλά
1315 2283 1375 2354 καί
1394 2285 1460 2377 μία
1483 2281 1566 2357 ἐκά-

403 2438 466 2504 στη
484 2416 547 2482 τῶν
573 2413 761 2501 ἐπιστημῶν
783 2405 904 2481 ταύτόν
923 2403 1054 2501 πάσχει
1108 2405 1125 2480 ὃ
1149 2407 1215 2505 γοὶρ
1237 2406 1391 2482 καλεῖται
1417 2417 1565 2503 μελετᾶν

403 2536 445 2623 θς
467 2535 615 2628 ἐξιούσης
637 2538 708 2608 ἐστὶ
725 2543 788 2627 τῆς
805 2532 1006 2629 ἐπιστήνηε
1034 2531 1116 2629 λήθη
1142 2534 1208 2632 γὰο
1228 2534 1412 2631 ἐπιστήμης
1439 2540 1564 2631 ἔξοδος,

403 2643 522 2759 μελέτη
540 2666 576 2736 δὲ
591 2662 688 2735 πάλιν
705 2661 821 2753 καινὴν
840 2667 1025 2758 ἐμποιοῦσα
1042 2660 1118 2735 ἀντὶ
1134 2670 1196 2756 τῆς
1211 2660 1375 2757 ἀπιούσης
1395 2659 1564 2768 [μνήμην]

404 2792 499 2881 σύζει
515 2790 575 2888 τήν
592 2789 788 2886 ἐπιστήμην,
815 2789 899 2900 ὥστε
915 2788 976 2885 τήν
995 2788 1102 2887 αύτήν
1120 2798 1225 2865 δοκεῖν
1245 2775 1334 2865 εἶναι
1358 2790 1480 2895 7τούτῳ
1496 2794 1565 2894 γάρ

403 2927 450 3021 τῷ
471 2919 579 3020 τρόπῳ
603 2926 670 2992 πᾶν
692 2916 730 2992 τό
753 2902 866 3012 θνητόν
892 2918 1048 3008 σώζεται,
1076 2918 1113 2992 ού
1136 2925 1183 3018 τῷ
1209 2917 1407 2994 παντάπασι
1433 2920 1565 2998 ταύτόν

404 3048 457 3129 ἀεὶ
474 3048 572 3140 εἶναι,
599 3047 706 3143 ὥσπερ
721 3046 758 3119 τό
780 3052 871 3137 θεῖον,
898 3044 990 3120 ἀλλά
1004 3055 1050 3145 τῷ
1067 3046 1105 3120 τό
1125 3045 1220 3122 ἀπιὸν
1238 3051 1299 3121 καὶ
1317 3049 1589 3145 παλαιούμενονι

383 3178 509 3274 Ἕτερον
528 3182 594 3249 νέον
616 3173 670 3248 ἀεὶ
688 3177 910 3265 καταλείπειν,
938 3172 1002 3247 οἷον
1020 3173 1103 3248 αύτό
1121 3168 1171 3267 ἧν.
1208 3173 1321 3272 ταύτῃ
1342 3182 1388 3272 τῇ
1410 3188 1566 3275 μηχανῇ,

339 3339 344 3350 ·
404 3301 644 3400 ὦΣύκρατες,
670 3307 751 3397 ἐφη,
778 3300 891 3394 θνητόν
915 3300 1104 3389 ἀθανασίας
1124 3309 1263 3399 μετέχει,
1290 3307 1351 3377 καὶ
1374 3313 1477 3399 σῶμα
1502 3311 1566 3382 καὶ

404 3427 519 3507 τάλλα
537 3430 666 3520 πάντα,
695 3427 859 3503 ἀθάνατον
878 3429 904 3504 δ’
925 3428 1026 3525 ἀλλῃ.
1067 3430 1113 3525 μὴ
1131 3424 1186 3504 ούν
1203 3429 1368 3525 θαύμαζε,
1396 3434 1483 3509 εἰτὸ
1501 3434 1566 3513 αύ-

405 3566 464 3636 τοθ
481 3557 731 3653 ἀποβλάστημα
746 3556 841 3655 φύσει
858 3565 925 3630 ποῖν
941 3566 1039 3659 τιμᾷ·
1066 3556 1254 3645 ἀθανασίας
1267 3559 1332 3656 γοὶρ
1346 3558 1441 3657 χάριν
1451 3568 1567 3638 ’παντὶ

406 3689 497 3781 αὕτη
523 3686 547 3781 ἡ
574 3685 701 3780 σπουδὴ
727 3689 787 3781 καί
815 3683 830 3758 ὁ
858 3690 937 3783 ἐρινς
964 3690 1087 3760 ἕπεται.
1109 3719 1132 3785 μ

483 3814 626 3892 XXVII.
680 3811 784 3907 Κάγιλ
809 3811 959 3900 οἰκούσας
979 3813 1035 3886 τόν
1059 3788 1151 3909 λόήον
1178 3812 1353 3909 ἐθαύμασά
1374 3843 1411 3889 τε
1432 3821 1495 3892 καὶ
1522 3819 1568 3894 εί-

407 3973 485 4036 πον,
512 3939 604 4031 Εἶεν,
630 3935 671 4033 ἧν
695 3939 722 4014 δ’
748 3938 828 4036 ἐγώ,
856 3935 880 4013 ό
902 3940 1082 4037 σοφωτάτη
1103 3945 1259 4035 Διοτίμα·
1285 3940 1378 4015 ταῦθ’
1404 3939 1451 4030 ὥς
1478 3943 1568 4041 άλη-

406 4080 467 4160 θῶς
493 4070 596 4156 οὕτως
622 4074 701 4164 ἐχει;
742 4071 811 4142 Καὶ
829 4069 869 4163 ἥ,
897 4068 1004 4166 ὥσπερ
1029 4073 1057 4142 οί
1079 4075 1181 4142 τέλεοι
1205 4075 1380 4165 σοφισταί,
1405 4066 1460 4145 Εὖ
1488 4077 1589 4168 ίσθιμ

408 4208 483 4299 ἔφη,
511 4193 535 4271 ὦ
551 4195 745 4293 Σώκρατες·
773 4199 843 4268 ἐπεί
857 4224 896 4291 γε
911 4199 971 4269 καὶ
987 4201 1051 4270 τόν
1064 4194 1243 4293 ἀνθρώπων
1260 4201 1289 4270 εί
1303 4202 1418 4286 ἐθελεις
1436 4205 1485 4288 είς
1501 4203 1567 4297 τὴν

408 4331 593 4426 φιλοτιμίαν
616 4328 752 4422 βλέψαι,
779 4322 957 4418 θαυμάζεις
982 4323 1022 4396 ἀν
1045 4332 1108 4418 τῆς
1125 4322 1281 4419 ἀλογίας,
1307 4323 1415 4421 άέγῶ
1444 4331 1568 4427 είρηκα

409 4461 436 4530 εί
453 4455 498 4549 μή
519 4460 643 4541 ἐννοεῖς,
671 4454 852 4545 ἐνθυμηθεὶς
872 4450 914 4538 ὦς
929 4459 1040 4538 δεινῶς
1055 4450 1236 4525 διάκεινται
1255 4458 1348 4550 ἔρωτι
1365 4459 1424 4528 τού
1444 4453 1566 4554 Qua-

325 4609 350 4647 -η
406 4587 481 4671 gni
498 4588 643 4677 γενέσθαι
659 4583 718 4652 καὶ
734 4585 828 4666 κλέος
843 4584 876 4666 ἐς
892 4579 947 4652 τόν
966 4577 1019 4653 ἀεὶ
1031 4578 1145 4677 Ιχρόνον
1163 4577 1327 4655 ἀθάνατον
1346 4589 1563 4676 καταθέσθαι,

409 4715 468 4785 καὶ
484 4709 564 4807 ὑπὲρ
580 4707 697 4782 τούτου
715 4708 882 4795 κινδύνους
896 4737 933 4782 τε
948 4707 1138 4804 κινδυνεύειν
1157 4712 1278 4801 ἕτοιμοί
1294 4713 1356 4783 είσι
1371 4708 1497 4798 πάντες
1515 4719 1563 4786 ἐτι

409 4845 534 4936 μᾶλλον
549 4828 578 4926 ’ἦ
600 4835 680 4932 θπέρ
703 4845 766 4911 τῶν
786 4840 929 4927 παιδ’ων,
956 4840 1016 4909 καὶ
1039 4836 1196 4934 χρήματα
1214 4835 1403 4912 ἀναλίσκειν
1424 4843 1486 4913 καὶ
1505 4837 1559 4914 πό-
