3850 5700
633 799 676 844 nn
697 799 854 845 nmmum
876 799 1016 845 unumne
1037 800 1202 848 nmsronu.
1382 781 1465 849 xxiii

414 976 535 1042 111700
553 1000 612 1063 pro
629 975 702 1066 περὶ
723 976 890 1045 παίδευσιν
906 978 978 1067 lege
1001 978 1081 1068 ὑπὲρ
1103 978 1279 1056 παίδευσιν,
1293 987 1326 1046 et
1344 1002 1402 1067 pro
1421 979 1465 1051 εἰς

371 1088 478 1154 πάντα
493 1089 683 1173 ξυνάγοντες,
699 1089 759 1157 ε’.π.
783 1089 1001 1174 ξυνάπαντες.

414 1200 457 1266 In
472 1200 533 1265 701
551 1224 608 1286 pro
622 1199 835 1285 repetitum,
851 1202 923 1288 lege
940 1197 1131 1281 νουθέτησιν,
1146 1208 1178 1267 et
1192 1200 1278 1268 infra
1291 1224 1349 1287 pro
1363 1200 1466 1266 αὐτῶν

372 1309 519 1400 ἑκατέρας
540 1313 612 1400 lege
636 1314 667 1379 ά.
691 1313 852 1401 ἑκατέρων.
897 1314 977 1379 Haeo
1002 1322 1086 1393 sunt,
1106 1314 1157 1379 vir
1177 1314 1373 1391 amieissime,
1393 1336 1466 1399 quae

372 1432 525 1510 tanquam
549 1426 681 1491 rationis
705 1425 912 1511 illiusquam
936 1447 1032 1511 supra
1060 1424 1188 1490 defendi
1215 1424 1387 1512 specimina
1409 1431 1465 1492 tuo

369 1536 489 1623 jndicio
518 1538 676 1622 permitto.
733 1538 795 1603 Sed
819 1544 857 1602 ut
882 1538 984 1603 solent
1009 1538 1064 1625 qui
1090 1561 1180 1604 suam
1208 1559 1334 1603 oausam
1361 1544 1463 1615 orent,

373 1649 451 1712 dum
482 1649 539 1715 ubi
570 1649 716 1715 desinant
746 1630 900 1728 nuseium,
930 1649 966 1714 in
999 1672 1119 1716 novum
1152 1663 1329 1716 sermonem
1361 1671 1464 1714 erum·

373 1782 457 1846 pere,
477 1759 603 1825 venium
628 1768 716 1826 tuum
737 1759 872 1848 imploro
893 1760 972 1826 dum
992 1760 1127 1847 paucula
1148 1760 1299 1848 adjungo,
1322 1782 1393 1847 quae
1413 1758 1466 1824 rel

373 1870 441 1937 loeo
469 1894 525 1966 suo
554 1896 797 1939 commemorare
829 1872 968 1959 neglexi,
999 1874 1052 1939 vel
1085 1874 1170 1939 inter
1198 1874 1399 1939 scribendum
1430 1872 1467 1937 in

374 1982 557 2048 memoriam
581 1991 745 2048 venerrmt.
800 1983 912 2049 Veluti
935 1984 972 2048 in
997 2006 1028 2069 p.
1055 1984 1119 2049 745
1144 1983 1181 2049 in
1209 1983 1313 2049 looum
1338 1983 1465 2062 offendi,

373 2116 436 2179 quo
464 2092 522 2158 illa
549 2116 620 2180 quae
648 2094 688 2158 de
721 2094 838 2161 finibus
865 2094 1091 2162 vocabulorum
1125 2093 1203 2171 dixi,
1234 2095 1363 2182 egregie
1391 2118 1464 2161 oon·

374 2205 550 2270 firmantur.
606 2205 741 2292 Legitur
765 2206 877 2271 hodie:
911 2204 948 2271 τὸ
978 2204 1016 2286 δὴ
1039 2203 1120 2287 μετὰ
1145 2208 1238 2272 τοῦτο
1261 2206 1468 2294 πρῶτονμὲν

375 2312 432 2396 τὴν
457 2313 555 2380 πόλιν
587 2313 732 2403 ἱδρῦσθαι
759 2313 806 2382 δεῖ
834 2321 889 2398 τῆς
916 2314 1024 2405 χώρας
1053 2314 1102 2382 ὅτι
1135 2315 1281 2399 μάλιστα
1309 2317 1343 2382 ἐν
1369 2318 1466 2404 μέσῳ,

375 2425 431 2493 καὶ
454 2425 561 2491 τᾶλλα
584 2426 648 2492 ὅσα
668 2425 839 2515 πρόσφορα
860 2431 899 2513 τῇ
921 2426 1016 2493 πόλει
1040 2431 1103 2493 τῶν
1124 2427 1332 2518 ὑπαρχόντων
1352 2428 1468 2516 έχοντα

375 2536 475 2604 τόπον
499 2537 711 2622 ἐκλεξάμενον.
765 2539 844 2612 Quae
868 2561 919 2604 me
941 2539 1041 2605 fateor
1061 2563 1126 2605 non
1147 2539 1349 2627 intelligere3
1382 2542 1468 2627 quod

375 2650 501 2736 requiro
529 2651 711 2738 hujusmodi
744 2659 809 2716 est:
847 2649 900 2715 καὶ
935 2649 1043 2716 τᾶλλα
1076 2649 1139 2715 ὅσα
1172 2650 1343 2740 πρόσφορα
1374 2651 1469 2717 πόλει

376 2760 548 2852 ὑπάρχοντ’
568 2760 683 2852 ἔχοντα
700 2761 798 2827 τόπον
815 2761 1028 2845 ἐκλεξάμενον.
1071 2763 1113 2828 In
1131 2765 1204 2842 775,
1221 2765 1296 2851 quia
1310 2766 1373 2830 τῶν
1386 2763 1467 2830 κατὰ

376 2875 518 2959 πόλεμον
525 2877 692 2963 praeeessit,
703 2877 812 2941 soribae
821 2873 1072 2959 δοκιμασθέντων
1080 2877 1244 2955 dedenmt,
1253 2877 1309 2942 ubi
1317 2875 1468 2960 δοκιμασ-

378 2984 481 3058 θέντες
494 2988 587 3054 unioe
600 3011 677 3052 vera
694 2987 788 3053 lectio
807 2995 863 3052 est.
908 2987 1041 3052 Ridebis
1057 2985 1188 3052 fortasse
1206 2987 1325 3052 bonum
1338 2988 1468 3055 Astimn

376 3100 419 3166 ad
438 3100 595 3186 genitivos
609 3099 766 3165 absolutos
781 3097 1034 3184 confugientem:
1058 3105 1211 3164 ettamen
1225 3099 1297 3164 aliis
1313 3101 1468 3185 persuasit

376 3213 463 3297 quod
475 3212 580 3297 ipsum
593 3212 752 3298 putavisse
766 3233 851 3298 aegre
862 3210 1028 3276 eredimus.
1065 3210 1152 3276 Dum
1165 3211 1251 3276 huno
1265 3210 1369 3276 locum
1383 3213 1468 3298 apud

377 3323 598 3388 Hermannum
617 3344 724 3407 queero
742 3321 778 3386 in
796 3320 932 3385 alterum
954 3319 1063 3399 incidi,
1085 3343 1180 3406 quem
1200 3321 1312 3407 quovis
1333 3322 1467 3409 pignore

376 3432 606 3498 contendissem
625 3432 848 3497 Hermannum
865 3452 931 3497 non
944 3430 1130 3495 relicturum
1145 3430 1250 3498 fuisse.
1294 3433 1357 3499 Sed
1371 3435 1465 3501 vehe-

376 3549 501 3608 menter
510 3543 631 3608 erravi:
649 3543 735 3608 idem
745 3544 830 3629 apud
840 3566 913 3608 eum
923 3542 1009 3628 quod
1019 3543 1105 3628 apud
1114 3534 1243 3610 eaeteios
1253 3543 1392 3632 legitnr;
1413 3544 1468 3611 τὸν

377 3651 473 3720 αὐτὸν
494 3651 533 3718 ἂν
554 3651 723 3719 ἐπαινέσαι.
750 3651 803 3718 σοὶ
823 3650 849 3717 δ’
870 3652 932 3741 οὐχ
951 3651 1032 3718 οῦτω
1051 3650 1170 3739 ῥητέον.
1214 3643 1469 3723 Pulcherrimum

376 3788 452 3831 sano
466 3763 647 3849 exemplum
665 3762 829 3850 partioulae
843 3762 882 3828 ἂν
900 3786 973 3829 oum
988 3763 1096 3829 firturo
1116 3764 1251 3850 optativi
1269 3751 1465 3855 eonjunotae!

377 3873 476 3942 Ιι.τὸν
483 3873 578 3941 αὐτὸν
586 3874 625 3939 δν
633 3872 775 3954 ἐπαινοῦν
786 3871 850 3938 σοί·
864 3871 917 3938 σοὶ
925 3871 951 3937 δ’
961 3873 1023 3962 οὐχ
1033 3873 1114 3939 οὕτω
1122 3874 1231 3961 ῥητέον
1239 3877 1322 3943 κ.τ.έ.
1346 3879 1468 3945 Eadem

377 3988 537 4075 imperitia
550 3988 750 4055 librariorum
764 3995 796 4052 et
810 3987 967 4052 editorum
977 3987 1101 4052 incuria
1111 3987 1230 4054 foetum
1241 3998 1296 4069 est,
1307 3998 1345 4055 nt
1355 3991 1465 4057 etium·

376 4121 456 4164 num
473 4099 509 4164 in
528 4122 559 4185 p.
580 4099 643 4164 792
663 4099 789 4185 legatur
807 4096 947 4179 διαζήσει
961 4095 1016 4162 τὸν
1030 4096 1102 4163 τότε
1115 4097 1238 4187 χρόνον,
1254 4102 1339 4187 quod
1356 4103 1467 4187 prooul
1547 4172 1549 4176 ,

377 4210 474 4276 dubio
495 4234 514 4275 a
535 4207 634 4292 διάξει
660 4216 844 4295 corruptum
864 4217 920 4275 est.
974 4209 1079 4279 Iidem
1100 4211 1210 4278 seribae
1230 4212 1266 4276 in
1288 4235 1319 4297 p.
1345 4213 1407 4278 790
1433 4211 1469 4279 αἱ

377 4320 514 4410 περὶτὰ
538 4325 600 4387 τῶν
625 4319 827 4408 κοροβάντων
850 4319 970 4403 ἰάματα
992 4324 1144 4387 τελοῦσαι
1165 4323 1255 4389 nobis
1274 4324 1467 4405 obtulerunt,

378 4457 445 4520 pro,
462 4432 555 4520 αἴπερ
574 4432 616 4498 τὰ
634 4436 697 4498 τῶν
715 4430 992 4521 κορυβαντιώντων
1014 4431 1134 4516 ἰάματα
1154 4438 1283 4500 τελοῦσι
1305 4445 1356 4505 et:
1376 4464 1466 4526 καμν-

378 4544 579 4624 βαντιώντων
603 4545 732 4632 quidem
756 4545 826 4632 jam
849 4544 960 4610 Astius
985 4553 1175 4632 reppererat,
1201 4547 1257 4612 sed
1283 4546 1393 4616 Astius
1418 4574 1466 4616 re·

378 4657 568 4725 sontioribus
583 4656 709 4724 Oritiois
726 4656 821 4723 nimis
838 4656 942 4723 audax
959 4657 1078 4724 scilieet
1091 4657 1178 4724 visus
1197 4665 1254 4724 est.
1298 4660 1340 4728 In
1353 4684 1384 4747 p.
1402 4663 1464 4727 671
