3850 5700
910 757 1141 812 κνωυοκιοιι.
1558 761 1601 826 49

444 899 515 997 γάρ
532 897 663 990 ἀκούω,
690 895 773 972 πολύ
790 925 844 991 μοι
864 901 989 993 μᾶλλον
1006 895 1029 989 ἡ
1050 902 1114 970 τῶν
1131 896 1412 993 κορυβαντιώντων
1431 898 1453 991 ἡ
1469 926 1505 971 τε
1522 926 1625 996 κάρ-ε

445 1032 614 1125 διἀπηδῳῖ
632 1029 692 1099 καὶ
708 1024 840 1122 δάκρυα
858 1031 1003 1119 ἐκχεῖται
1019 1022 1082 1097 ύπό
1100 1030 1164 1098 τῶν
1180 1021 1282 1119 λόγων
1301 1033 1365 1098 τῶν
1383 1023 1512 1099 τούτου.
1541 1024 1619 1123 όρῶ,
1652 1051 1654 1057 ·

445 1159 565 1229 δὲκαὶ
588 1153 710 1240 ἀλλους
733 1151 949 1248 παμπόλλους
974 1150 1087 1226 ταύτά
1112 1150 1311 1246 πάσχοντας.
1358 1145 1549 1249 Περικλέους
1574 1152 1601 1227 δ’

447 1282 581 1358 ἀκούων
607 1284 667 1355 καὶ
694 1281 802 1356 ἀλλων
833 1280 963 1376 ἀγαθῶν
992 1278 1133 1377 ῥητόρων
1164 1274 1210 1358 εύ
1230 1265 1291 1373 μὲν
1314 1278 1464 1376 ἡγούμην
1491 1289 1605 1377 λέγειν,

447 1418 595 1485 τοιοῦτον
619 1408 645 1483 δ’
668 1407 759 1483 ούδὲν
786 1415 946 1503 ἔπασχον,
975 1407 1050 1481 ούδὲ
1074 1397 1268 1504 τεθορύβητό
1294 1437 1354 1502 μου
1376 1408 1399 1503 ἡ
1418 1409 1508 1508 ψυχὴ
1535 1408 1602 1483 ου’δ’

448 1537 640 1634 ἡγανάκτει
665 1536 707 1622 ὡς
735 1534 995 1633 ἀνδραποδωδῶς
1019 1543 1233 1629 διακειμένου.
1288 1534 1359 1609 ἀλλ’
1386 1535 1449 1610 ὑπὸ
1472 1543 1606 1611 τουτουὶ·
1690 1536 1693 1541 ’

370 1674 512 1740 κιοτού
533 1664 692 1762 Μαρσύου
719 1661 878 1750 πολλάκις
899 1663 942 1757 δὴ
961 1663 1045 1737 ούτω
1071 1668 1230 1757 διετέθην,
1258 1663 1343 1736 ὥστε
1363 1692 1415 1757 μοι
1437 1664 1531 1753 δόξαι
1558 1665 1628 1758 μὴι

450 1792 564 1889 βιωτόν
581 1792 662 1866 εῖναι
681 1798 783 1886 ἔχοντι
797 1790 839 1878 ὡς
857 1797 927 1886 ἔχω.
964 1795 1025 1865 καὶ
1042 1798 1165 1880 ταῦτα,
1194 1790 1420 1887 ὠΣιόκρατες,
1446 1792 1506 1866 ούκ
1525 1799 1605 1891 ἐρεῖς

449 1920 576 2009 ὡςούκ
594 1919 713 2014 ἀληθῆ.
751 1923 812 1993 καὶ
829 1925 877 1994 ἔτι
893 1949 931 2013 γε
949 1924 1008 1993 νύν
1028 1916 1140 2007 ξύνοιδ’
1163 1923 1309 2019 ἐμαυτῷ,
1336 1920 1397 2009 ότι,
1424 1926 1452 1993 εῖ
1470 1925 1605 2016 ἐθελοιμι

434 2056 601 2147 παρέχειν
620 2047 665 2122 τοὶ
684 2042 773 2138 ὦτα,
801 2046 863 2120 ούκ
887 2048 927 2119 άν
955 2046 1215 2143 καρτερησαιμι,
1243 2045 1333 2120 ἀλλά
1357 2046 1451 2121 ταῦτ’
1474 2048 1513 2121 άν
1540 2048 1605 2123 πά-

450 2205 568 2271 σχοιμι.
622 2174 805 2270 ἀναγκάζει
829 2173 894 2272 γάρ
921 2204 960 2269 με
988 2173 1173 2270 ὁμολογεῖν,
1199 2174 1250 2248 ότι
1275 2180 1398 2248 πολλού
1426 2177 1536 2268 ἐνδεὴς
1562 2177 1604 2251 ἀν

450 2303 554 2390 αύτός
575 2310 623 2378 ἔτι
639 2309 784 2399 ἐμαυτοῦ
804 2306 860 2397 μὲν
882 2300 1013 2396 ἀμελῶ,
1041 2302 1087 2375 τά
1109 2300 1135 2374 δ’
1152 2300 1331 2394 Ἀθηναίων
1350 2300 1494 2399 πράττω.
1548 2310 1605 2404 βίῳ

449 2426 507 2507 σύν
526 2432 632 2529 ὥσπερ
652 2430 719 2505 ἀπὸ
738 2437 802 2504 τῶν
822 2429 983 2527 Σειρήνων
1005 2427 1210 2525 ἐπισχόμενος
1227 2429 1274 2504 τά
1294 2424 1371 2512 ὦταΙ
1383 2435 1512 2526 οἴχομαι
1529 2432 1605 2529 φεύ-

449 2589 536 2655 γων,
563 2563 615 2633 ῖνα
633 2559 680 2653 μὴ
702 2556 805 2634 αύτού
824 2557 1006 2654 καθὴμενος
1026 2557 1119 2655 παρά
1137 2556 1243 2658 τούτῳ
1263 2558 1503 2656 καταγηράσω.
1549 2568 1605 2634 πέ-

450 2695 555 2765 πονθα
577 2691 613 2761 δὲ
631 2685 710 2783 πρὸς
733 2694 846 2771 τούτου
870 2684 963 2779 μόνον
983 2684 1173 2782 ἀνθρώπων,
1201 2684 1299 2762 ὃούκ
1317 2686 1357 2760 άν
1377 2716 1426 2773 τις
1449 2692 1546 2762 οἴοιτο
1573 2694 1631 2762 ἐνὶ)

450 2820 527 2912 ἐμοὶ
550 2821 684 2903 ἐνεῖναι,
710 2813 748 2888 τό
777 2811 986 2909 αἰσχύνεσθαι
1013 2812 1163 2888 ὁντινοῦν.
1217 2814 1279 2908 ἐγω
1305 2818 1342 2889 δὲ
1369 2823 1484 2890 τουτον
1512 2816 1604 2911 μόνον

453 2943 661 3039 αἰσχύνομαι.
715 2941 847 3032 ξύνοιδα
864 2942 929 3039 γάρ
954 2948 1085 3042 ἐμαυτῷ
1106 2940 1282 3037 ἀντιλέγειν
1301 2947 1357 3036 μὲν
1375 2941 1413 3015 ού
1426 2951 1605 3044 δυναμένῳ,

453 3072 499 3160 ως
516 3071 553 3147 ού
568 3081 619 3146 δεῖ
632 3079 731 3145 ποιεῖν
750 3069 775 3144 οἳ
792 3062 886 3156 οὗτος
905 3067 1046 3158 κελεύει,
1073 3069 1204 3143 ἐπειδάν
1219 3069 1246 3142 δ’
1266 3069 1406 3160 ἀπέλθω,
1433 3071 1604 3173 ἡττημένῳ

376 3228 381 3233 ·
452 3209 518 3295 τῆς
542 3207 640 3295 τιμὴς
664 3207 726 3293 τὴς
753 3196 815 3271 ύπὸ
844 3205 907 3271 τῶν
933 3204 1068 3271 πολλῶν.
1123 3196 1309 3295 δραπετεύω
1337 3192 1391 3272 σύν
1419 3198 1518 3273 αὐτὸν
1547 3203 1606 3285 καὶ

451 3327 582 3426 φεύγω,
608 3329 668 3401 καὶ
685 3326 765 3400 όταν
784 3330 861 3416 ῖδω,
888 3324 1084 3419 αἰσχύνομαι
1101 3324 1147 3399 τά
1166 3323 1412 3422 ὡμολογημένα.
1454 3330 1514 3401 καὶ
1529 3333 1628 3402 πολ·ν

451 3455 552 3542 λάκις
571 3459 627 3550 μὲν
651 3453 754 3548 ἡδέως
774 3452 814 3526 άν
833 3457 931 3547 ῖδοιμι
950 3451 1052 3526 αύτόν
1076 3453 1121 3546 μὴ
1146 3453 1227 3527 ὄντα
1247 3460 1278 3527 ἐν
1304 3452 1495 3552 ἀνθρώποις
1524 3461 1552 3529 εῖ
1576 3454 1603 3528 δ’

454 3577 501 3659 αύ
525 3590 622 3657 τούτο
648 3589 788 3677 γένοιτο,
815 3574 851 3653 εύ
878 3579 933 3653 οἶδ’
954 3580 1006 3654 ότι
1028 3580 1110 3653 πολύ
1132 3589 1236 3674 μεῖζον
1261 3581 1303 3655 ἀν
1328 3582 1499 3677 ἀχθοίμην,
1527 3581 1603 3657 ὥστ’

453 3711 516 3787 ούκ
541 3717 603 3806 ἔχω
629 3710 646 3783 ό
673 3739 705 3783 τι
730 3707 902 3806 χρήσωμαι
928 3707 1033 3808 τούτῳ
1059 3716 1105 3806 τῷ
1133 3707 1296 3809 ἀνθρώπῳ.

532 3843 684 3913 XXXIII.
738 3838 806 3909 Καὶ
823 3833 886 3909 ύπό
904 3839 959 3929 μὲν
979 3836 1022 3930 δὴ
1043 3844 1108 3911 τῶν
1129 3835 1332 3930 αύλημάτων
1352 3836 1447 3932 κάγώ
1468 3841 1527 3912 καὶ
1546 3838 1606 3913 ἀλ·

452 3977 505 4042 λοι
520 3969 634 4041 πολλοὶ
652 3971 794 4041 τοιαῦτα
813 3962 1005 4037 πεπόνθασιν
1025 3962 1088 4037 ὑπὸ
1106 3972 1201 4037 τοῦδε
1221 3973 1278 4038 τοῦ
1296 3964 1461 4063 Σατύρου.
1515 3967 1606 4041 ἀλλα

452 4094 481 4171 δ’
501 4101 578 4189 ἐμοῦ
597 4090 767 4167 ἀκούσατε
786 4088 829 4178 ὡς
846 4091 954 4185 όμοιός
972 4092 998 4165 τ’
1018 4096 1105 4164 ἐστὶν
1122 4091 1169 4179 οἷς
1187 4092 1250 4187 ἐγώ
1270 4092 1389 4188 ἡκασα
1405 4093 1518 4184 αύτόν,
1546 4098 1606 4168 καὶ

453 4224 517 4318 τὴν
535 4219 672 4314 δύναμιν
692 4217 734 4306 ὦς
751 4223 939 4314 θαυμασίαν
957 4225 1029 4313 ἔχει.
1072 4213 1107 4292 εύ
1125 4219 1197 4316 γάρ
1209 4224 1298 4309 ἰ’στε,
1324 4222 1375 4295 ότι
1394 4221 1497 4316 ου’δεῖς
1516 4221 1605 4318 ὑμῶν

453 4359 569 4427 τοῦτον
588 4347 775 4445 γιγνώσκει·
804 4345 874 4420 ἀλλ’
883 4346 1130 4602 &fimum
1157 4340 1285 4445 ἐπείπερ
1299 4348 1462 4446 ἠρξάμην.
1508 4349 1631 4448 ὁράτεᾱ
1654 4390 1656 4394 ⁴

876 4503 893 4572 θ

451 4477 539 4577 γάρ,
572 4477 624 4551 ότι
649 4475 834 4575 Σωκράτης
859 4482 875 4548 ἐ
942 4483 1020 4562 ικῶς
1047 4475 1213 4550 διάκειται
1239 4484 1302 4549 των
1332 4484 1441 4551 καλῶν
1467 4483 1527 4551 καῖ
1552 4478 1607 4553 ἀεὶ

514 4611 522 4633 ἱ

452 4635 527 4704 περι
552 4604 689 4697 τούτους
709 4608 786 4688 ,ἐστὶ
813 4607 873 4677 καὶ
902 4609 1028 4677 ἐκπέπλ
1053 4633 1133 4679 κιαι
1185 4603 1260 4702 [καὶ
1285 4599 1329 4677 αύ
1358 4603 1474 4700 ἀγνοεῖ,
1493 4605 1680 4768 πάνταᾝ

450 4737 515 4810 καὶ
538 4732 629 4808 ούδὲν
656 4730 773 4830 οῖδεν,]
800 4730 844 4818 ὡς
869 4731 907 4805 τό
929 4632 1170 4827 ιὴᾒάύόῖυιτιού
1182 4757 1189 4770 ·
1217 4706 1642 4955 τούῳῖμδιληνωδεςςὶι
1695 4694 1710 4743 Ι

452 4861 585 4960 σφόδρα
610 4890 655 4954 γε.
709 4865 808 4935 τούτο
839 4859 903 4957 γάρ
927 4853 1022 4947 οὗτος
1048 4863 1159 4949 ἔξωθεν
1184 4818 1290 4960 πεόιὴῖε
1324 4890 1429 4955 ηται,
1455 4860 1607 4956 ὥσπερό
1706 4946 1710 4950 ,

1397 4996 1419 5046 I
