3850 5700
401 819 460 885 viii
663 839 706 885 nn
728 838 884 885 Pnsncms
906 840 1046 885 cremus
1067 840 1230 885 nrisicnn.

400 1018 441 1083 τδ
459 1016 574 1084 δίκαια.
621 1018 698 1084 Fuit
717 1042 814 1105 quam
831 1018 939 1084 πάντα
958 1020 993 1084 in
1014 1018 1166 1105 πράττειν
1183 1018 1374 1084 mutandum
1394 1018 1498 1105 suspi-

400 1155 507 1211 carer3
541 1132 595 1197 sed
620 1132 796 1217 requiritur
819 1130 896 1218 δρᾶν
917 1131 970 1198 vel
995 1134 1106 1196 ποιεῖν.
1154 1131 1275 1197 Oontre
1296 1131 1500 1197 mendacium

399 1244 483 1311 illud
504 1245 610 1310 minus
631 1246 793 1311 commode
814 1244 933 1310 dicitur
953 1247 1057 1310 ποιεῖν
1073 1243 1145 1310 τινὰ
1164 1242 1242 1332 δρᾶν
1260 1270 1302 1323 τι,
1320 1244 1501 1330 praesertim

400 1357 523 1445 adjecto
552 1356 590 1421 οὐ
620 1355 682 1445 βία
709 1354 785 1421 ἀλλ’
815 1354 937 1422 ἐκοντα.
997 1357 1100 1424 Locus
1126 1355 1299 1445 :manifeste
1331 1356 1501 1422 lacunosus
1585 1442 1588 1448 .

399 1475 466 1547 εει,
494 1468 610 1534 lacuna
630 1474 738 1534 autem
759 1467 947 1555 plerumque
976 1490 1018 1533 ex
1038 1467 1249 1534 similitudine
1270 1469 1407 1533 duorum
1432 1489 1502 1532 sese

400 1578 629 1665 excipientium
655 1577 882 1643 vocabulorum
912 1578 1022 1645 oritur.
1092 1577 1180 1651 Quid
1208 1577 1339 1643 multe?
1396 1576 1501 1644 Oredo

398 1688 612 1756 ΠΕΙΘΕΙΝ
634 1694 709 1753 ante
734 1688 913 1754 ΠΟΙΕΙΝ
934 1690 1086 1755 emissum
1108 1688 1216 1777 fnisse.

443 1800 517 1868 664.
562 1797 679 1882 τάξεως
693 1796 720 1863 δ’
734 1798 887 1881 αἴσθησιν
901 1798 1021 1865 τούτων
1035 1797 1223 1888 ἀμφοτέρων
1236 1803 1299 1866 τῶν
1312 1798 1424 1865 ἄλλων
1440 1798 1501 1883 μὲν

401 1912 485 2000 ζῴων
498 1910 586 1977 οὐδὲν
596 1909 781 1998 ἐφάπτοιτο.
817 1912 911 1979 Nihil
925 1920 974 1979 est
988 1911 1190 2000 ἐφάπτεσθαι
1203 1911 1355 1993 αἴσθησιν
1369 1911 1499 1996 τάξεως.

400 2025 589 2113 Legendum
621 2021 779 2105 αἰσθήσει.
839 2024 998 2091 Similitur
1026 2024 1172 2091 homines
1200 2025 1352 2091 dicuntur
1379 2026 1425 2111 τῷ
1457 2027 1502 2111 νῷ

400 2135 603 2223 ἐφάπτεσθαι
621 2139 685 2202 τῶν
704 2135 811 2203 άντων.
856 2136 1014 2203 Ceterum
1028 2137 1165 2203 eundem
1178 2136 1275 2203 fuisse
1288 2137 1382 2203 crede
1395 2135 1452 2223 qui
1467 2142 1501 2201 et

400 2272 508 2315 casum
528 2256 561 2315 et
582 2249 689 2314 sedem
709 2249 796 2317 vocis
816 2245 968 2330 αἰσθήσει
987 2248 1101 2314 eadem
1123 2250 1163 2314 de
1188 2272 1282 2315 causa
1306 2248 1499 2328 mutaverim

400 2384 466 2428 non
479 2361 566 2427 enim
579 2360 632 2426 hic
647 2361 703 2427 sed
716 2361 826 2427 stetim
840 2367 915 2427 ante
929 2359 1105 2448 ἐφάπτοιτο
1119 2360 1266 2427 collocari
1280 2361 1425 2429 debebat.

444 2475 518 2538 666.
561 2471 758 2538 Inconcinne
775 2473 924 2538 scribitur
944 2475 1054 2538 καλεῖν
1068 2470 1140 2542 τούς
1157 2469 1185 2536 τ’
1199 2469 1320 2542 ἄλλους·
1339 2469 1427 2542 θεοὺς
1446 2470 1502 2537 καί

400 2584 438 2666 δὴ
462 2584 518 2650 καὶ
545 2582 703 2649 Διόνυσον
726 2588 934 2673 παρακαλεῖν.
989 2584 1025 2651 Si
1050 2584 1173 2671 aliquid
1197 2584 1390 2651 discriminis
1414 2584 1503 2651 inter

400 2699 511 2761 καλεῖν
531 2703 565 2763 et
584 2697 784 2782 παρακαλεῖν
804 2695 986 2782 significare
1005 2686 1166 2774 veluisset,
1189 2694 1364 2781 scripsisset
1386 2694 1501 2761 saltem

400 2812 510 2877 καλεῖν
533 2833 569 2874 τε
593 2805 665 2878 τοὺς
689 2805 817 2879 ἄλλους.
870 2806 990 2874 Contra
1015 2804 1087 2878 τούς
1112 2803 1140 2871 τ’
1162 2804 1283 2877 ἄλλοισ
1306 2804 1361 2872 καὶ
1385 2804 1423 2889 δὴ
1446 2806 1502 2874 καί

400 2919 557 2987 Διόνυσον
574 2942 641 2986 non
660 2927 794 3008 possunt
812 2918 875 2985 nisi
894 2919 935 2984 ab
953 2941 1018 2985 uno
1039 2919 1212 3006 eodemque
1232 2920 1331 2986 verbo
1349 2920 1498 3006 pendere.

400 3035 583 3102 Reddsmus
597 3054 674 3120 erge
687 3031 867 3119 magistello
881 3054 975 3098 suum
989 3034 1108 3100 καλεῖν.
1152 3031 1233 3097 Mox
1249 3029 1346 3096 ποίαν
1360 3030 1386 3096 δ’
1401 3029 1500 3120 ᾆσον-

401 3173 456 3214 σιν
468 3146 501 3213 οῖ
518 3144 627 3233 ἄνδρες
640 3142 747 3231 φωνὴν
760 3141 781 3226 ἢ
795 3143 937 3208 Μονσαν
954 3144 1106 3230 praeclare
1124 3143 1263 3210 correxit
1280 3144 1426 3224 Gobenn,
1442 3146 1502 3232 qui

319 3284 322 3289 ·
400 3282 466 3326 non
487 3257 581 3323 medo
606 3238 778 3320 Barbarum
799 3276 866 3319 esse
887 3251 1024 3341 ᾅσονσιν
1042 3277 1155 3320 verum
1177 3255 1275 3322 etiem
1298 3279 1373 3322 cum
1393 3256 1504 3343 φωνὴν

399 3368 506 3434 minus
520 3347 682 3433 commode
696 3364 794 3454 jungi
813 3364 1048 3432 animadvertit
1092 3365 1281 3433 Rectissime
1296 3366 1374 3433 ἰέναι
1393 3366 1503 3455 φωνὴν

400 3480 563 3547 solennem
575 3478 767 3545 locutionem
780 3500 846 3543 esse
860 3477 977 3556 decuit,
993 3485 1026 3544 et
1041 3477 1160 3560 ἤσουσι
1176 3479 1326 3567 reposuit.

444 3591 518 3656 667.
562 3590 628 3656 οῖον
641 3588 680 3672 δὴ
692 3588 777 3674 λέγω
793 3587 890 3675 ἐδωδῇ
903 3587 962 3672 μὲν
977 3588 1030 3655 καὶ
1044 3588 1141 3656 πόσει
1155 3591 1209 3657 καὶ
1223 3592 1378 3678 ξυμπάσῃ
1397 3596 1504 3680 τροφῇ
1531 3648 1537 3656 .

399 3701 603 3791 παρέπεσθαι
620 3702 679 3788 μὲν
697 3701 755 3784 τὴν
768 3701 874 3791 χάριν,
889 3700 929 3784 ἣν
941 3699 1055 3783 ἡδονὴν
1073 3702 1113 3769 ἂν
1129 3703 1370 3793 προσείποιμεν·
1413 3703 1453 3787 ἣν
1467 3703 1504 3770 δὲ

400 3813 557 3903 ὀρθότητά
577 3839 613 3879 τε
634 3813 688 3880 καὶ
710 3813 875 3901 ὠφέλειαν,
896 3811 976 3900 ὅπερ
997 3813 1131 3896 ὑγιεινὸν
1151 3817 1215 3881 τῶν
1235 3815 1505 3904 προσφερομένων

399 3924 534 4011 λέγομεν
553 3923 714 4000 ἑκάστοτε,
728 3923 813 3991 τοῦτ’
827 3922 906 3990 αὐτὸ
925 3922 1005 3989 εἰναι
1023 3924 1058 3989 ἐν
1075 3925 1249 3995 αὐτοῖςκαὶ
1266 3926 1303 3992 τὸ
1318 3925 1500 4015 ὀρθότατον.

401 4041 520 4106 Misere
538 4038 666 4104 turbata
681 4035 838 4102 sententia
857 4057 899 4101 ne
917 4035 953 4100 id
972 4035 1102 4123 quidem
1122 4037 1202 4102 dicit
1223 4039 1309 4124 quod
1329 4039 1501 4105 dicendum

401 4159 491 4218 erat:
513 4171 637 4234 nempe,
653 4145 690 4212 τὸ
704 4145 838 4230 ὑγιεινὸν
850 4146 887 4211 in
901 4145 972 4212 cibo
985 4141 1126 4235 petuqne
1140 4147 1199 4229 τὴν
1215 4147 1372 4237 ὀρθότητά
1390 4176 1426 4215 τε
1445 4151 1502 4217 καὶ

401 4260 557 4348 ὠφέλειαν
575 4282 641 4325 esse
659 4258 713 4325 vel
733 4257 865 4324 efficere.
910 4257 963 4323 Sic
983 4258 1070 4325 infre
1090 4259 1228 4346 legimus
1246 4261 1415 4329 veritatem
1434 4255 1523 4330 csse‘

400 4396 473 4462 quae
492 4374 529 4439 in
547 4372 687 4440 docendo
709 4369 767 4451 τὴν
788 4368 945 4458 ὀρθότητα
961 4370 1016 4437 καὶ
1034 4370 1092 4454 τὴν
1111 4370 1267 4459 ὠφέλειαν
1285 4373 1446 4465 ἀποτελεῖ,
1465 4376 1504 4441 in

401 4485 523 4553 artibus
547 4490 654 4549 autem
678 4466 904 4548 imitatricibus
927 4482 949 4563 ἡ
975 4481 1094 4564 ἰσότης,
1120 4483 1238 4571 inquit,
1262 4483 1320 4566 τὴν
1343 4484 1504 4574 ὀρθότητα

401 4593 605 4683 ἐξεργάζεται.
648 4592 713 4659 Pro
727 4600 795 4659 tam
809 4592 895 4659 clera
908 4616 1047 4680 veraque
1061 4596 1219 4661 sententia
1229 4597 1302 4663 vide
1317 4597 1396 4685 quid
1409 4579 1504 4666 nobis

400 4709 511 4776 seribae
532 4705 724 4774 obtulerint:
747 4705 783 4774 id
800 4705 886 4794 quod
901 4728 1012 4774 νοιοτι
1028 4728 1195 4794 possumis
1212 4707 1369 4796 ὀρθότητά
1391 4734 1427 4776 τε
1448 4710 1505 4777 καὶ
