3850 5700
782 761 1013 821 Σικιιοκιον.
1433 756 1475 835 ρρ

319 909 413 1003 ἤθεσι
430 912 490 982 καί
507 912 629 1006 ψυχαῖς
651 914 727 981 θεῶν
744 910 804 981 καὶ
821 906 992 1005 ἀνθρώπων
1012 906 1072 1001 τίγν
1095 912 1221 1001 οῖκησιν
1240 911 1390 1005 ίδρυται,
1415 912 1477 982 καὶ

322 1036 384 1112 οῦκ
408 1030 452 1110 αῦ
479 1038 556 1130 ἑξῆς
580 1041 611 1109 ἐν
637 1034 765 1122 πάσαις
787 1045 863 1122 ταῖς
887 1038 1027 1133 ψυχαῖς,
1061 1033 1134 1108 ἀλλ’
1159 1029 1246 1131 ᾗτινι
1269 1036 1309 1109 ἀν
1336 1037 1476 1134 σκληρὸν

301 1159 401 1260 ·ἧθος
426 1162 546 1260 ἐχούσῃ
573 1162 710 1259 ἐντύχῃ,
737 1162 931 1260 ἀπέρχεται,
959 1156 1031 1259 ᾖδ’
1052 1162 1094 1236 ἀν
1114 1163 1283 1258 μαλακόν,
1312 1169 1475 1253 οίκίζεται.

323 1290 507 1386 ἀπτόμενον
531 1285 585 1365 οῦν
607 1289 742 1365 ἀείκαὶ
766 1295 843 1365 ποσί
865 1295 925 1365 καὶ
944 1290 1057 1386 πάντῃ
1075 1297 1107 1364 ἐν
1129 1291 1387 1385 μαλακωτάτοις
1413 1301 1476 1366 τῶν

324 1418 595 1515 μαλακωτάτων,
623 1418 844 1493 άπαλύτοιτον
865 1417 999 1514 ἀνάγκη
1019 1418 1109 1493 είναι.
1163 1417 1339 1506 Νεύτατος
1360 1424 1416 1515 μὲν
1435 1421 1476 1509 δή

261 1568 313 1616 1⁹⁶
324 1554 395 1623 ἐστι
411 1551 472 1621 καὶ
487 1545 724 1633 ἁπαλώτατος·
752 1546 830 1643 πρὸς
847 1550 884 1620 δὲ
899 1544 1026 1633 τούτοις
1040 1545 1137 1645 ῦγρὸς
1155 1546 1193 1621 τό
1215 1546 1306 1635 είδος.
1356 1547 1392 1622 ού
1411 1547 1499 1645 γάρν

325 1676 365 1751 ἀν
383 1674 449 1763 οἷός
462 1674 490 1749 τ’
511 1669 552 1768 ἧν
572 1673 682 1769 πάντῃ
702 1673 975 1772 περιπτύσσεσθαι
994 1673 1069 1748 οῦδὲ
1085 1675 1142 1749 διά
1161 1675 1272 1767 πάσης
1291 1678 1400 1774 ψυχῆς
1418 1681 1477 1749 καὶ

299 1823 310 1853 ·’
324 1804 427 1879 εἰσιών
444 1803 481 1877 τὸ
501 1811 626 1901 πρῶτον
646 1800 812 1875 λανθάνειν
831 1805 891 1875 καὶ
911 1800 1020 1891 ἐξιών,
1047 1807 1076 1875 εί
1093 1802 1235 1902 σκληρός
1252 1798 1301 1898 ἦν.
1356 1812 1477 1901 συμμέ-

323 1960 401 2030 τρου
417 1936 453 2005 δὲ
469 1934 530 2005 καὶ
547 1929 652 2028 ῦγράς
675 1935 765 2017 ίδέας
787 1937 873 2025 μέγα
894 1929 1108 2028 τεκμήριονή
1125 1929 1372 2026 εύσχημοσῦνη,
1400 1930 1417 2005 ὁ
1435 1931 1473 2005 δῦ

323 2058 541 2157 διαφερόντως
557 2064 595 2132 ἐκ
609 2057 741 2132 πάντων
758 2056 1017 2154 ὁμολογουμένως
1026 2059 1136 2156 Ἔρως
1150 2065 1231 2154 ἔχει·
1260 2040 1478 2155 ἀσχημοσύνῃ

322 2188 390 2286 γάρ
412 2190 472 2262 καὶ
487 2186 615 2285 Ἔρωτι
632 2186 711 2284 πρὸς
728 2185 894 2281 ἀλλήλους
912 2184 966 2260 ἀεί
982 2184 1128 2281 πόλεμος.
1180 2187 1281 2285 χρόας
1301 2192 1338 2262 δὲ
1354 2187 1478 2275 κάλλος

323 2315 346 2411 ἡ
367 2314 441 2389 κατ’
460 2314 541 2408 ἀνθη
564 2318 680 2390 δίαιτα
697 2322 754 2388 τοῦ
777 2321 846 2388 θεοῦ
866 2319 1034 2409 σημαίνει·
1062 2313 1195 2389 ἀνανθεί
1211 2314 1276 2414 γάρ
1294 2319 1354 2389 καὶ
1372 2314 1477 2410 ἀπην-

324 2442 440 2538 θηκότι
468 2446 530 2516 καὶ
559 2441 689 2537 σώματι
721 2445 781 2515 καὶ
812 2446 903 2541 ψυχῃ
932 2447 993 2516 καὶ
1026 2442 1116 2543 ἀλλῳ
1145 2442 1265 2545 ὁτῳοῦν
1298 2442 1360 2517 ούκ
1388 2449 1504 2532 ἐνίζειδ

316 2571 444 2669 Ἔρως,
471 2563 508 2644 οῦ
527 2569 554 2643 δ’
574 2569 617 2644 ἀν
635 2569 771 2665 εῦανθής
792 2599 829 2643 τε
846 2574 906 2642 καὶ
924 2570 1048 2664 εῦύδης
1065 2569 1165 2657 τόπος
1181 2566 1224 2668 ᾖ,
1251 2578 1394 2645 ἐνταῦθα
1419 2575 1479 2644 καὶ

324 2702 385 2787 ίζει
411 2702 470 2773 καί
497 2706 590 2793 μένει.

403 2831 492 2902 xlx.
534 2830 613 2924 Περί
629 2829 685 2923 μὲν
704 2821 758 2900 οῦν
776 2825 921 2914 κάλλους
936 2835 994 2901 τοῦ
1012 2834 1082 2901 θεοῦ
1101 2831 1161 2901 καὶ
1176 2826 1269 2902 ταῦθ’
1285 2827 1399 2918 ἱκανοί,
1419 2831 1480 2903 καί

325 2963 376 3030 ἔτι
388 2955 496 3030 πολλά
507 2959 664 3029 λείπεται.
688 2956 761 3052 περὶ
772 2953 801 3028 δ’
814 2952 938 3053 ἀρετῆς
947 2955 1098 3052 Ἔρωτος
1112 2956 1199 3050 μετά
1211 2965 1325 3030 ταῦτα
1338 2964 1477 3031 λεκτέον.

324 3082 365 3158 τό
385 3087 441 3179 μὲν
461 3091 628 3179 μέγιστον,
654 3083 706 3158 ότι
717 3083 828 3179 Ἔρως
844 3081 911 3156 οῦτ’
932 3081 1043 3156 ἀδικεῖ
1059 3082 1125 3156 οῦτ’
1145 3081 1311 3157 ἀδικεῖται
1330 3082 1397 3158 οὔθ’
1416 3082 1480 3159 ῦπὸ

324 3219 397 3286 θεοῦ
413 3211 487 3286 οῦτε
501 3209 580 3300 θεόν,
595 3209 659 3285 οῦθ’
674 3209 728 3284 ὁπ’
744 3208 911 3307 ἀνθρύπου
926 3209 993 3284 οῦτ’
1009 3209 1185 3308 ἀνθρωπσν.
1214 3212 1288 3284 οῦτε
1300 3211 1365 3308 γάρ
1379 3211 1479 3299 αύτὸς

298 3326 301 3331 ’
324 3344 384 3440 βίορ
401 3338 535 3434 πάσχει,
563 3343 591 3412 εί
609 3368 641 3412 τι
658 3337 791 3434 πάσχει·
820 3342 876 3433 βία
898 3338 962 3436 γάρ
974 3337 1124 3436 Ἔρωτος
1141 3338 1199 3434 ούχ
1216 3340 1376 3413 ἅπτεται·
1404 3341 1479 3414 οῦτε

323 3474 424 3542 ποιῦν
443 3477 541 3540 ποιεῖ·
568 3471 636 3575 τοῖς
651 3466 717 3564 γάρ
739 3465 818 3540 έκῦν
834 3466 962 3564 Ἔρωτι
985 3475 1051 3540 ποίν
1076 3465 1247 3564 ὑπηρετεῖ·
1274 3467 1299 3541 οἳ
1321 3467 1348 3541 δ’
1371 3469 1412 3541 ἀν
1429 3497 1501 3554 τιςο

324 3594 409 3669 έκῦν
427 3593 533 3668 ἑκόντι
549 3593 755 3690 ὁμολογήσῃ,
783 3598 884 3690 φασίν
902 3600 929 3668 οί
949 3593 1074 3681 πόλεως
1093 3601 1234 3689 βασιλῆς
1254 3595 1346 3689 νόμοι
1363 3601 1480 3670 δίκαια

323 3721 418 3796 εἶναι.
471 3721 551 3820 πρὸς
575 3725 612 3796 δὲ
637 3727 681 3817 τῃ
706 3720 900 3818 δικαιοσύνῃ
924 3721 1137 3819 σωφροσύνης
1161 3728 1323 3821 πλείστης
1345 3731 1477 3819 μετέχει.

325 3849 410 3923 εἶναι
426 3849 490 3948 γάρ
509 3847 716 3943 ὁμολογεῖται
736 3849 929 3947 σωφροσύνη
948 3849 986 3923 τό
1007 3860 1136 3949 κρατεῖν
1155 3849 1277 3945 ἡδονῶν
1296 3855 1357 3925 καί
1376 3857 1480 3924 ἐπιθυ·

325 3985 421 4072 μιῦν,
439 3975 588 4075 Ἔρωτος
605 3981 641 4051 δὲ
658 3982 819 4073 μηδεμίαν
835 3976 953 4073 ἡδονὴν
973 3982 1109 4075 κρείττω
1126 3977 1215 4052 είναι.
1256 3984 1284 4052 εἰ
1300 3977 1329 4052 δ’
1348 3979 1480 4066 ἥττους,

323 4104 490 4203 κρατοῖντ’
517 4105 557 4178 ἀν
582 4104 636 4179 ὁπ’
653 4104 820 4202 Ἔρωτος,
848 4104 864 4180 ὁ
888 4110 924 4179 δὲ
948 4111 1097 4203 κρατοίη.
1151 4114 1281 4204 κρατῦν
1307 4106 1334 4180 δ’
1358 4105 1479 4202 ηδονῦν

324 4237 389 4308 καὶ
403 4239 573 4329 ἐπιθυμιῶν
595 4232 734 4332 ὁἜρως
751 4233 968 4332 διαφερόντως
984 4233 1025 4308 ἀν
1043 4239 1232 4333 σωφρονοίη.
1278 4239 1338 4309 καὶ
1356 4235 1418 4328 μὴν
1436 4240 1506 4321 είςᾰ

324 4359 358 4456 γ’
377 4359 525 4460 ἀνδρείαν
538 4361 665 4458 Ἔρωτι
682 4361 749 4436 ούδ’
760 4361 866 4459 Ἀρης
883 4361 1088 4436 ἀνθίσταται.
1132 4361 1168 4436 ού
1185 4362 1250 4459 γάρ
1269 4369 1333 4459 ἔχει
1341 4361 1481 4460 Ἔρωτα

314 4491 445 4586 Ἄρης,
473 4488 544 4562 ἀλλ’
560 4489 789 4588 ἜρωςἊρη,
816 4489 1031 4588 Ἀφροδίτης,
1058 4489 1101 4577 ὦς
1121 4488 1225 4586 λόγος.
1278 4494 1430 4588 κρείττων
1451 4490 1478 4564 δ’

324 4617 345 4692 ὁ
369 4622 446 4712 ἔχων
465 4626 525 4692 τοῦ
542 4623 700 4713 ἐχομένου.
755 4627 813 4692 τοῦ
836 4617 865 4691 δ’
885 4616 1115 4716 ἀνδρειοτάτου
1133 4625 1197 4691 τῦν
1216 4618 1324 4692 ἀλλων
1351 4626 1481 4716 κρατῦν

323 4744 461 4819 πάντων
488 4745 529 4820 ἀν
554 4746 783 4843 ἀνδρειότατος
807 4751 867 4840 είη.
921 4750 1001 4843 Περὶ
1026 4750 1081 4839 μὲν
1106 4740 1160 4819 οῦν
1185 4747 1397 4840 δικαιοσύνης
1422 4751 1482 4819 καὶ

323 4873 542 4971 σωφροσύνης
561 4878 622 4949 καὶ
637 4873 789 4972 ἀνδρείας
807 4881 864 4948 τοῦ
880 4879 958 4948 Ιθεοῦ
975 4879 1113 4972 εἴρηται,
1142 4877 1213 4973 περὶ
1230 4878 1267 4948 δὲ
1281 4879 1406 4971 σοφίας
1419 4878 1483 4946 λεί·
