3850 5700
840 746 1072 802 mfflomoN.
1188 825 1191 832 ἢ
1358 729 1360 734 ’
1493 748 1600 813 13,

376 890 501 985 ὀνείδη·
537 893 564 963 εί
582 890 647 987 γοὶρ
667 889 689 985 ή
711 887 869 985 χρήματα
897 887 1088 984 βουλόμενος
1108 887 1202 985 παρά
1221 916 1278 961 του
1303 892 1413 983 λαβεῖν
1432 886 1454 983 ή
1475 885 1532 985 σίρ-

376 1019 437 1115 χήν
456 1018 557 1115 α”ρξαι
574 1016 616 1112 δή
632 1015 689 1091 τιν’
711 1022 810 1091 ἐθέλοι
829 1026 925 1090 ποιεῖν
944 1015 999 1090 οἷά
1015 1044 1074 1113 περ
1092 1020 1121 1089 οί
1135 1018 1274 1114 ἐρασταὶ
1294 1015 1373 1114 πρὸς
1392 1014 1437 1089 τὰ
1456 1044 1531 1089 παι-

376 1146 472 1236 δικοί,
501 1150 642 1233 ἱκετείας
656 1175 693 1219 τε
711 1148 771 1218 καὶ
792 1142 1017 1239 ἀντιβολήσεις
1037 1149 1067 1217 ἐν
1089 1154 1164 1232 ταῖς
1188 1141 1319 1240 δεήσεσι
1339 1142 1531 1238 ποιούμενοι

377 1278 437 1349 καὶ
457 1275 572 1374 ὀρκους
593 1272 762 1368 ὀμνύντες,
790 1275 850 1346 καὶ
874 1272 1041 1368 κοιμήσεις
1063 1275 1117 1345 έπθ
1136 1269 1265 1371 θύραις,
1292 1275 1352 1346 καὶ
1375 1279 1532 1359 έθελοντες

375 1406 525 1490 δουλείας
549 1401 709 1477 δουλεύειν
736 1404 807 1488 οίας
831 1399 899 1474 οόδ’
920 1400 961 1473 οἳν
980 1407 1097 1488 δούλος
1126 1399 1246 1489 ούδείς,
1275 1399 1467 1497 ἐμποδίζοιτ’
1489 1400 1530 1473 σίν

377 1530 425 1625 μή
446 1528 600 1629 προίττειν
626 1531 710 1605 οὕτω
734 1529 793 1623 τήν
817 1532 931 1627 πρᾶξιν
953 1531 1013 1602 καὶ
1036 1528 1102 1603 ύπό
1124 1533 1224 1627 φιλων
1249 1532 1307 1603 καὶ
1330 1526 1385 1602 ὑπ’
1406 1534 1531 1627 ἐχθρῶν,

376 1665 440 1733 τῶν
465 1663 521 1754 μὲν
540 1656 753 1747 ὀνειδιζόντων
772 1661 952 1743 κολακείας
971 1660 1031 1730 καὶ
1053 1655 1294 1755 ἀνελευθερίας,
1322 1664 1384 1730 τῶν
1405 1660 1441 1730 δὲ
1460 1679 1556 1743 νουι

376 1787 548 1861 θετούντων
574 1790 633 1861 καί
656 1791 892 1882 αἰσχυνομένων
914 1784 994 1883 ύπέρ
1017 1783 1140 1859 αύτού·
1167 1793 1213 1887 τῷ
1232 1784 1259 1860 δ’
1282 1791 1392 1884 ἐρῶντι
1418 1784 1532 1860 πάντα

374 1922 489 1990 ταῦτα
507 1922 649 1989 ποιοῦντι
667 1912 760 2012 χάρις
780 1920 908 2005 ἔπεστι,
936 1917 996 1987 καὶ
1017 1921 1150 1987 δεδοται
1170 1911 1234 1987 ὑπὸ
1252 1921 1312 1988 τοῦ
1336 1913 1433 2009 νόμον
1452 1914 1530 1988 ἄνευ

375 2042 516 2130 ὀνειδους
534 2042 705 2140 πράττειν,
733 2041 776 2129 ῶς
794 2040 969 2138 ποίγκαλόν
988 2071 1021 2115 τι
1042 2047 1184 2140 πρᾶγμα
1198 2049 1476 2144 διαπραττομένην.
1514 2042 1531 2116 ὀ

374 2176 412 2245 δὲ
427 2169 629 2259 δεινότατον,
657 2170 699 2258 ῶς
716 2199 753 2267 γε
773 2177 921 2267 λέγουσιν
940 2175 969 2243 οί
987 2174 1117 2258 πολλοί,
1147 2170 1198 2244 ὅτι
1216 2174 1276 2244 καὶ
1294 2169 1426 2266 ὀμνύντι
1444 2170 1530 2271 μένῳ

375 2299 552 2395 συγγνώμη
576 2297 669 2397 παραὶ
692 2305 766 2372 θεῶν
784 2298 919 2393 ἐκβάντι
937 2298 993 2372 τόν
1011 2298 1120 2396 ὀρκον·
1148 2298 1334 2396 ἀφροδίσιον
1351 2298 1415 2397 γὰρ
1435 2299 1530 2398 ὅρκον

375 2427 416 2502 ού
438 2455 538 2525 φασιν
556 2426 653 2502 εἶναι·
681 2427 765 2503 οὕτω
786 2430 845 2501 καὶ
863 2432 890 2501 οἱ
909 2430 971 2501 θεοὶ
990 2430 1049 2500 καὶ
1068 2427 1226 2525 ἅνθρωποι
1246 2431 1360 2500 πεῖσαν
1379 2430 1529 2516 ἐξουσίαν

375 2554 577 2649 πεποιήκασι
595 2564 640 2656 τῷ
658 2560 788 2654 ἐρῶντι,
815 2554 858 2642 ῶς
883 2553 1014 2650 ὁνόμος
1032 2558 1130 2653 φησὶν
1152 2554 1167 2630 ὀ
1186 2555 1313 2631 ἐνθάδε·
1341 2554 1453 2652 ταύτῃ
1473 2560 1554 2652 μένι

374 2678 430 2757 οὖν
456 2688 575 2778 οίηθείη
601 2682 641 2757 ὀίν
668 2713 717 2771 τις
743 2684 914 2779 πάγκαλον
934 2687 1118 2778 νομίζεσθαι
1139 2690 1170 2757 ἐν
1190 2692 1270 2781 τήδε
1288 2692 1332 2781 τή
1353 2684 1446 2760 πόλει
1472 2691 1530 2759 καὶ

374 2813 413 2887 τὸ
441 2818 517 2912 ἐροῖν
543 2816 603 2887 καὶ
630 2811 668 2913 τό
695 2816 814 2910 φίλους
839 2815 1004 2909 γίγνεσθαι
1030 2822 1097 2901 τοῖς
1118 2818 1284 2910 ἐρασταῖς.
1338 2814 1468 2889 ἐπειδοὶν
1494 2818 1531 2889 δὲ

375 2932 608 3037 παιδαγωγούς
631 2940 868 3035 ἐπιστήσαντες
886 2945 914 3014 οἱ
939 2949 1076 3038 πατέρες
1096 2951 1165 3028 τοῖς
1189 2947 1354 3038 ἐρωμένοις
1381 2941 1426 3037 μή
1454 2948 1530 3017 ἐῶσι

374 3075 581 3165 διαλέγεσθαι
599 3079 666 3156 τοῖς
692 3075 865 3167 ἐρασταῖς,
891 3072 1021 3168 καὶτῷ
1044 3077 1245 3170 παιδαγωγῷ
1263 3075 1378 3144 ταῦτα
1397 3098 1529 3169 προστε-

373 3205 526 3292 ταγμένα
546 3191 588 3293 ή,
623 3201 651 3270 οἱ
676 3195 851 3293 ἡλικιῶται
878 3201 913 3270 δὲ
939 3200 999 3270 καὶ
1025 3203 1147 3295 ἐταῖροι
1174 3195 1381 3291 ὀνειδίζωσιν,
1416 3197 1472 3273 ἐ’ν
1498 3228 1530 3273 τι

375 3323 476 3423 ὁρῶσι
495 3333 622 3399 τοιοῦτο
643 3327 846 3422 γιγνόμενον,
874 3329 934 3399 καὶ
950 3324 1029 3413 τούς
1048 3323 1261 3414 ὀνειδίζοντας
1279 3321 1323 3401 αύ
1343 3333 1372 3401 οἱ
1392 3327 1528 3426 πρεσβύ-
1573 3367 1576 3381 ·

374 3453 524 3551 τεροι-μή
544 3453 753 3527 διακωλύωσι
781 3457 864 3550 μηδὲ
888 3459 1071 3551 λοιδορῶσιν
1093 3451 1137 3541 ῶς
1156 3452 1218 3528 ούκ
1238 3454 1335 3552 ὀρθῶς
1361 3464 1553 3553 λέγοντας,ο

373 3587 420 3668 εἰς
439 3580 607 3656 δὲταῦτα
630 3611 679 3670 τις
704 3575 749 3656 αὖ
770 3585 895 3681 βλέψας
921 3580 1077 3678 ἡγήσαιτ’
1106 3581 1147 3656 αἲν
1175 3582 1272 3657 πάλιν
1295 3588 1462 3679 αἴσχιστον
1488 3585 1527 3660 τό
1594 3618 1596 3623 ·

373 3718 518 3784 τοιοῦτον
535 3709 645 3783 ἐνθάδε
662 3714 852 3806 νομίζεσθαι.
890 3709 928 3782 τό
944 3717 992 3801 δέ,
1019 3709 1119 3804 οἶμαι,
1146 3703 1200 3784 ὧδ’
1216 3716 1296 3807 ἔχει·
1325 3711 1383 3808 ούχ
1401 3712 1527 3787 ἁπλοῦν

374 3841 480 3928 ἐστίν,
508 3839 585 3937 ὅπερ
603 3839 637 3928 ἐξ
658 3836 763 3937 α’ρχής
780 3844 908 3935 ἐλέχθη,
936 3837 1011 3912 ούτε
1028 3837 1130 3912 καλὸν
1148 3838 1230 3913 είνοιι
1251 3840 1334 3914 αύτό
1353 3840 1422 3915 καθ’
1444 3841 1528 3917 οιύτό

373 3964 442 4041 οὔτ’
463 3964 609 4064 αἰσχρόν·
636 3964 727 4041 ἄλλοὶ
744 3971 855 4053 καλῶς
876 3970 931 4061 μὲν
952 3964 1173 4065 πραττόμενον
1192 3966 1312 4060 καλόν,
1339 3974 1481 4067 αἰσχρῶς
1497 3969 1524 4044 δ’

375 4093 518 4192 αίσχρόν.
565 4093 694 4192 αἰσχρὸν
716 4098 772 4188 μὲν
796 4089 850 4168 σύν
867 4101 937 4168 ἐστι
956 4103 1084 4195 πονηρῷ
1103 4124 1140 4169 τε
1159 4099 1220 4169 καὶ
1236 4103 1382 4195 πονηρῶς
1403 4102 1527 4196 χαρίζε-

374 4228 468 4314 σθαι,
494 4222 594 4297 καλὸν
612 4226 649 4296 δέ
667 4228 798 4324 χρηστῷ
818 4226 933 4297 τεκαὶ
953 4230 1075 4310 καλῶς.
1130 4225 1266 4323 πονηρὸς
1289 4224 1317 4323 δ’
1341 4231 1427 4300 ἔστιν
1447 4232 1525 4300 ἐκεῖ·

373 4378 427 4438 νος
443 4348 459 4423 ὀ
478 4350 620 4448 ἐραστής
637 4348 652 4424 ὁ
672 4349 853 4446 πάνδημος,
881 4349 896 4425 ὀ
915 4359 974 4426 τού
992 4350 1145 4447 σώματος
1161 4359 1284 4448 μᾶλλον
1300 4353 1323 4450 ή
1340 4362 1403 4450 τῆς
1418 4359 1549 4453 ψυχήςε

373 4485 461 4577 ἐρῶν.
514 4482 574 4552 καί
602 4479 667 4577 γοὶρ
697 4477 771 4553 ούδὲ
804 4478 936 4575 μόνιμός
964 4486 1069 4571 ἐστιν,
1106 4479 1158 4554 ἅτ’
1186 4480 1261 4556 ούδὲ
1288 4486 1420 4578 μονίμου
1449 4489 1527 4582 ἐρῶν

373 4592 586 4706 πράγματος·
620 4607 694 4703 ἅμα
716 4607 781 4706 γοὶρ
808 4616 852 4708 τῷ
874 4617 932 4682 τού
959 4607 1112 4704 σώματος
1138 4608 1226 4683 οἴνθει
1250 4608 1401 4706 λήγοντι,
1429 4604 1526 4708 ούπερ

372 4735 452 4834 ήρα,
479 4740 602 4831 οἴχεται
617 4733 852 4831 οίποπτόμενος,
879 4735 1019 4824 πολλούς
1033 4736 1151 4832 λόγους
1165 4742 1225 4811 καὶ
1241 4736 1429 4833 ὑποσχέσεις
1445 4768 1526 4815 κατ-

373 4863 543 4961 αισχύνας.
598 4861 614 4937 ὁ
633 4867 670 4937 δὲ
689 4871 748 4939 τού
769 4863 868 4958 ήθους
884 4872 1028 4964 χρηστοῦ
1047 4864 1138 4953 ὀντος
1155 4865 1301 4965 ἐραστής
1312 4866 1372 4940 διόι
1386 4871 1457 4961 βίου
1473 4875 1530 4960 μέ-
