3850 5700
779 774 1010 829 mmomom.
1427 773 1470 840 35

316 945 417 1007 πούς,
451 919 512 991 καὶ
543 915 734 1014 ἐγρηγορόσι
766 920 827 989 καὶ
853 914 1055 988 καθεύδουσι.
1108 913 1210 988 καὶὸ
1238 918 1294 1008 μὲν
1323 916 1395 1009 περὶ
1424 913 1470 987 τοὶ

315 1052 461 1119 τοιαῦτα
480 1044 578 1142 σορὸς
596 1043 759 1139 δαιμόνιος
783 1042 886 1141 οἱνηρ,
912 1042 928 1117 ὁ
951 1040 979 1115 δ’
1002 1041 1085 1115 όίλλο
1105 1070 1138 1115 τι
1156 1039 1256 1138 σοφός
1281 1040 1322 1115 ὢν
1349 1040 1372 1135 ἢ
1398 1044 1470 1137 περὶ

315 1180 435 1269 τέχνας
458 1172 481 1269 ἦ
508 1177 711 1270 χειρουργίας
737 1171 829 1258 τινοὶς
855 1170 1030 1265 βάναυσος.
1084 1164 1174 1243 ούτοι
1196 1168 1238 1263 δὴ
1266 1174 1294 1243 οἱ
1319 1173 1470 1263 δαίμονες

316 1303 431 1374 πολλοὶ
453 1303 514 1374 καὶ
532 1304 741 1373 παντοδαποί
757 1304 853 1389 εἰσιν,
881 1297 928 1385 είς
945 1297 1120 1400 δὲ-τούτων
1138 1300 1209 1371 ἐστὶ
1231 1300 1292 1370 καὶ
1315 1295 1469 1393 όἝρως.

317 1426 453 1525 Πατρός
476 1433 530 1517 δέ,
563 1422 605 1522 ἧν
629 1426 657 1501 δ’
680 1426 763 1523 ίγύ,
789 1431 875 1512 τίνος
901 1428 973 1499 ἐστὶ
999 1429 1059 1499 καὶ
1085 1424 1251 1538 μητρόςχ,
1264 1424 1496 1523 Μακρότερονο

317 1562 394 1649 μέν,
421 1562 505 1652 ἔφη,
530 1554 770 1651 διηγήσασθαι·
798 1554 884 1648 όμως
906 1562 942 1627 δέ
959 1582 1010 1627 σοι
1029 1560 1099 1650 ἐρῶ.
1152 1552 1207 1628 ότε
1224 1553 1289 1651 γὰρ
1307 1549 1431 1648 ἐγένετο
1447 1551 1470 1647 ἡ

314 1681 515 1780 Ἀφροδίτη,
541 1687 706 1756 εἱστιῶντο
725 1687 754 1756 οἱ
775 1686 856 1773 θεοῖ,
884 1685 918 1755 οί
938 1679 967 1754 τ’
993 1680 1091 1755 ἄλλοι
1115 1685 1175 1755 καὶ
1201 1679 1217 1755 ό
1243 1689 1305 1774 τῆς
1327 1680 1471 1775 Μήτιδος

315 1808 387 1897 υἱός
412 1809 524 1908 Πόρος.
574 1810 688 1905 ,ἐπειδη
714 1807 742 1883 δ’
768 1814 979 1903 ἐδείπνησαν,
1013 1807 1302 1906 προσαιτησουσα,
1336 1807 1400 1882 οἷον
1427 1808 1471 1900 δὴ

316 1936 457 2033 εύωχῖας
479 1938 598 2031 ούοης,
627 1936 765 2034 ἀφίκετο
788 1936 931 2031 ἠΠενία
959 1941 1019 2011 καὶ
1044 1931 1084 2032 ἧν
1111 1941 1182 2034 περὶ
1206 1936 1269 2023 τοὶς
1293 1935 1400 2035 θύρας.
1413 1946 1430 2019 ς’
1454 1934 1471 2021 ὁ

315 2059 374 2138 ούν
390 2064 505 2173 Πόρος·
516 2069 678 2160 μεθυσθεὶς
697 2070 755 2139 τού
774 2073 944 2163 νέκταρος,
973 2064 1055 2152 οἰνος
1073 2065 1138 2163 γοὶρ
1157 2065 1246 2139 ούπω
1268 2059 1326 2158 ἧν,
1353 2070 1399 2151 είς
1415 2065 1470 2139 τόν

315 2200 376 2267 τού
396 2191 470 2279 Διός
483 2200 590 2286 κῆπον
608 2192 753 2268 εῖσελθύν
771 2200 988 2291 βεβαρημένος
1004 2186 1111 2286 ηύδεν.
1152 2191 1174 2288 η
1195 2186 1249 2265 ούν
1267 2197 1381 2281 Πενία,
1404 2198 1471 2265 ἐπι·-

316 2318 520 2415 βοωλεύονσα
537 2319 594 2394 διό
617 2320 678 2415 τὴν
699 2318 808 2415 αύτής
827 2319 967 2417 ἀπορίαν
991 2324 1119 2394 παιδίον
1138 2318 1340 2414 ποιήσασθαι
1359 2325 1397 2393 ἐκ
1412 2328 1504 2396 τοῖο

315 2445 443 2545 Πόρον,
470 2453 712 2522 κατακλῖνεταί
735 2477 772 2522 τε
796 2446 870 2546 παρ’
892 2446 986 2545 αύτῷ
1014 2451 1073 2521 καὶ
1098 2448 1219 2541 ἐκύησε
1247 2447 1301 2521 τόν
1320 2446 1468 2546 Ἔρωτα

314 2574 368 2650 διὸ
384 2574 428 2669 δὴ
444 2581 504 2648 καὶ
521 2574 717 2673 Ἀφροδίτης
737 2575 913 2661 οίκόλονθος
934 2580 995 2649 καὶ
1009 2575 1153 2672 θεράπων
1170 2584 1296 2671 γέγονεν
1316 2575 1332 2650 ὁ
1347 2575 1470 2672 Ἔρως,

313 2705 476 2798 γεννηθεὶς
491 2708 523 2775 ἐν
540 2712 608 2790 τοῖς
625 2708 750 2797 ἐκείνης
765 2708 934 2799 γενεθλίοις
953 2706 1014 2778 καὶ
1030 2704 1104 2798 ἅμα
1120 2703 1216 2801 φύσει
1235 2703 1406 2803 [ἐραστὴς]
1427 2703 1469 2777 ιθν

314 2833 391 2927 περὶ
408 2828 445 2904 τό
468 2828 570 2906 καλόν
579 2889 593 2922 ,.
617 2830 692 2929 [καὶ
716 2839 778 2926 της
802 2829 999 2930 Ἀφροδίτης
1024 2840 1133 2926 καλῆς
1157 2831 1284 2929 ούοης].
1338 2832 1389 2907 ἅτ’
1413 2826 1467 2906 οὖν

314 2956 422 3055 Πόροω
441 2961 502 3064 καὶΙ
518 2963 639 3046 Πενίας
655 2959 723 3046 υἱὸς
740 2958 781 3034 τόν
802 2957 939 3057 όἜρως
955 2966 987 3032 ἐν
1004 2958 1143 3054 τοιαύτη
1161 2960 1246 3055 τύχη
1273 2966 1467 3054 καθέστηκε.

313 3093 443 3183 πρωτον
462 3089 518 3181 μὲν
543 3093 643 3179 πένης
659 3085 713 3161 οἱεί
735 3093 823 3175 ἐστι,
849 3090 909 3161 καὶ
924 3093 1046 3161 πολλοῦ
1066 3095 1116 3161 δεῖ
1130 3086 1260 3184 ἁπαλός
1276 3117 1313 3161 τε
1331 3092 1392 3163 καὶ
1406 3117 1468 3183 κα-Ι

311 3212 373 3297 λὸς
394 3211 485 3303 εἶναι,
503 3212 519 3286 ὃ
538 3218 566 3286 οῖ
586 3218 699 3288 πολλοὶ
715 3220 849 3305 οἴονται,
875 3213 966 3288 ἄλλοί
982 3215 1125 3312 σκληρός
1144 3219 1203 3290 καὶ
1220 3214 1388 3313 αύχμηρθς
1407 3221 1468 3290 καὶ

302 3338 526 3434 ,ἀνυπόδητος
544 3345 603 3415 καὶ
622 3341 746 3432 ἄοικος,
771 3331 982 3437 χαμαιπετὴς
998 3341 1051 3416 αἰεὶ
1071 3343 1112 3417 ιθν
1133 3347 1193 3418 καὶ
1209 3344 1387 3441 ἄστρωτος,
1414 3348 1493 3418 ἐπῖᾱ

312 3466 427 3563 θύραις
444 3471 504 3542 καὶ
526 3473 557 3540 ἐν
582 3467 667 3556 ὁδοῖς
685 3468 851 3567 ὑπαίθριος
868 3470 1082 3565 κοιμώμενος,
1109 3472 1170 3565 τήν
1189 3480 1251 3565 τῆς
1268 3472 1390 3570 μητρὸς
1407 3472 1467 3570 φύ-
1504 3485 1506 3489 ’

311 3624 368 3670 σιν
386 3600 463 3690 ἔχων
482 3594 535 3669 ἀεὶ
553 3601 658 3696 ἐνδείορ
677 3596 832 3686 ξύνοικος.
886 3598 979 3672 κατὰ
1001 3597 1029 3672 δ’
1051 3593 1095 3672 αύ
1119 3600 1173 3673 τόν
1192 3608 1323 3698 πατέρα
1340 3604 1467 3695 ἐπίβου-

310 3721 373 3808 λός
391 3727 461 3795 ἐστι
486 3733 554 3809 τοῖς
575 3729 690 3811 καλοῖς
714 3729 774 3799 καὶ
787 3737 864 3811 Ιτοῖς
888 3725 1042 3820 ἀγαθοῖς,
1069 3725 1212 3825 ἀνδρεῖος
1237 3727 1279 3802 ιθν
1308 3733 1368 3802 καὶ
1392 3733 1468 3823 ἴτης

310 3853 377 3926 καὶ
394 3848 554 3948 σύντονος,
581 3852 739 3949 θηρευτὴς
755 3853 866 3942 δεινός,
893 3852 948 3929 οίεῖ
963 3883 1055 3940 τινας
1074 3861 1200 3929 πλέκων
1216 3856 1380 3951 μηχανοίς,
1406 3861 1469 3931 καὶ

311 3976 500 4076 φρονήσεως
530 3979 747 4075 ἐπιθυμητής,
782 3985 841 4054 καὶ
871 3979 1018 4078 πόριμος,
1052 3989 1235 4080 φιλοσοφῶν
1259 3984 1315 4058 διοὶ
1342 3986 1468 4072 παντὸς

310 4113 375 4181 τού
397 4108 485 4200 βίον,
512 4105 613 4193 δεινός
638 4105 719 4202 γόης
738 4111 799 4183 καὶ
817 4109 1014 4205 φαρμακεύς
1036 4115 1095 4184 καὶ
1116 4111 1291 4207 σοφιστής·
1318 4116 1379 4187 καὶ
1402 4112 1468 4187 οὔθ’

311 4231 362 4319 ὦς
374 4231 539 4320 οίθοίνοιτος
554 4241 697 4331 πέφυκεν
717 4234 782 4308 ούθ’
799 4234 843 4322 ως
860 4236 983 4328 θνητός,
1012 4235 1102 4311 οἷλλοὶ
1119 4243 1194 4312 τοτὲ
1209 4243 1265 4331 μὲν
1282 4248 1343 4334 της
1360 4239 1491 4336 αύτηςο
1556 4211 1562 4226 x

309 4358 443 4457 ἡμίρας
458 4359 568 4436 θάλλει
583 4390 620 4437 τε
636 4366 695 4436 καὶ
716 4371 776 4458 ζη,
804 4363 884 4437 όταν
900 4363 1084 4463 εύπορήση,
1111 4371 1187 4440 τοτὲ
1207 4365 1233 4440 δ’
1256 4366 1465 4462 ἀποθνήσκει,

310 4486 416 4563 πάλιν
439 4486 467 4561 δ’
487 4486 731 4582 οῖνοιβιύσκεται
750 4491 807 4567 διοὶ
831 4491 890 4585 τὴν
910 4501 969 4566 τοῦ
990 4494 1116 4591 πατρὸς
1136 4493 1267 4591 φύσινί
1296 4496 1335 4569 τό
1353 4501 1389 4570 δὲ
1412 4527 1468 4572 πο-

282 4621 286 4627 ’
310 4613 474 4716 ριζόμενον
492 4613 546 4690 αἰεὶ
565 4616 714 4715 ύπεκρεῖ,
740 4618 817 4693 ὥστ’
840 4618 907 4693 ούτ’
928 4619 1046 4718 οἱπορεῖ
1063 4620 1134 4695 ποτ’
1148 4621 1258 4719 Ἔρως
1275 4624 1350 4697 ούτε
1367 4632 1468 4698 πλον-

308 4752 375 4818 τεῖ.
429 4748 548 4843 σοφίας
565 4742 594 4817 τ’
618 4739 661 4818 αύ
680 4749 740 4819 καὶ
758 4745 904 4840 ἀμαθίας
922 4753 954 4821 ἐν
973 4756 1060 4849 μέσῳ
1079 4753 1176 4824 ἐστίν.
1230 4755 1298 4845 ἔχει
1312 4750 1376 4849 γοὶρ
1396 4745 1466 4827 ὧδε.

311 4875 393 4949 θεῶν
412 4868 517 4957 ούδεῖς
535 4877 707 4971 φιλοσοφεῖ
723 4872 790 4948 ούδ’
813 4880 959 4969 ἐπιθυμεῖ
981 4876 1082 4973 σορός
1100 4884 1261 4972 γενέσθαι·
1289 4885 1359 4953 ἔστι
1383 4879 1465 4977 γάρ·

473 5019 476 5026 .
1215 5005 1263 5066 3¹ss
