3850 5700
800 774 1032 829 ΣΥΜΠΟΣΙΟΝ.
1052 861 1060 870 .
1450 774 1493 868 ff

1193 817 1460 940 μιν

337 912 629 1013 διαπορευεσθαι“
605 943 719 1013 ωσπερ
731 913 885 1005 κάνθάδε,
933 913 1035 1013 ρενθιά
1002 942 1132 1010 υομενος
1146 943 1206 988 και
1193 910 1410 1010 τάρθαλμι)
1430 939 1494 985 πα

340 1040 580 1138 ραβάλλων,’
558 1072 581 1137 η
603 1071 668 1137 εμα
685 1071 744 1141 περ
758 1050 887 1117 σκοπῶν
906 1046 966 1115 καὶ
984 1042 1061 1129 τούς
1057 1046 1203 1167 φιλίους
1224 1044 1284 1115 καὶ
1299 1040 1375 1128 τους
1376 1045 1495 1192 μ’,ὼλεῑι
1555 1044 1557 1048 ’

341 1174 452 1265 μῖους,
477 1170 621 1264 δῆλος’“
596 1200 638 1244 ων
656 1168 757 1244 παντὶ
774 1173 834 1243 καὶ
852 1198 902 1244 πα
919 1199 939 1244 υ
1085 1199 1135 1261 εν,
1160 1170 1229 1261 ότι,
1255 1173 1352 1294 ρῖτις
1371 1168 1495 1267 ἅψεται

339 1298 460 1372 τοότου
476 1297 593 1372 τάνδ’
560 1327 631 1430 ρος,
659 1297 772 1393 μάλ’ἐ
756 1169 938 1396 {5555}
956 1132 1141 1393 5555‘555.
1173 1197 1280 1372 ’όιόῷ
1256 1326 1316 1372 και
1303 1295 1496 1394 άσραλιῖνς

341 1424 447 1521 άπῄει
462 1429 522 1501 καὶ
538 1419 631 1513 οὖτος
646 1430 707 1500 καὶ
728 1455 744 1500 ο
761 1455 814 1500 ετε
815 1451 883 1523 ρος·
912 1426 1023 1544 σγεδόν
1041 1424 1107 1523 γάρ
1125 1432 1239 1500 τιτῶν
1263 1425 1347 1499 οὕτω
1329 1433 1495 1577 διαμει-

342 1561 454 1649 μέ’νων
469 1560 500 1627 ἐν
526 1562 572 1655 τῷ
596 1561 724 1654 πολέμῳ
753 1552 818 1627 οὐδ’
843 1533 1023 1645 οἵτότόααι,
1051 1553 1141 1627 άλλοὶ
1162 1552 1292 1640 τοόςπ
1266 1581 1349 1652 προτ
1329 1508 1518 1651 50555550

341 1680 526 1779 φεύγοντας
553 1680 715 1755 διώκουσι.
769 1681 886 1755 Πολλοὶ
913 1687 969 1775 μὲν
953 1676 1052 1755 νοόν
1080 1681 1122 1755 άν
1151 1710 1201 1769 τις
1227 1684 1288 1755 καὶ
1314 1681 1405 1754 άλλα
1430 1686 1497 1775 ἔχοι

342 1809 463 1883 Σωκ’
425 1837 511 1907 ρατη
533 1817 599 1883 ἐπα
629 1838 666 1883 εσ
727 1813 786 1883 καὶ
811 1809 1000 1905 θαυμάσαι·
1027 1809 1117 1883 άλλοὶ
1135 1818 1198 1883 τῶν
1224 1814 1280 1906 μὲν
1299 1809 1482 1883 άλλωνέπι

342 1838 547 2033 W
517 1967 558 2010 5
583 1817 742 2035 τάὲαά
745 1966 795 2025 τις
814 1941 873 2012 καὶ
893 1942 965 2091 περὶ
987 1936 1094 2012 άλλου
1120 1936 1243 2012 τοιαῡτ’
1270 1942 1370 2030 εἴποι,
1397 1937 1434 2011 τὸ
1460 1940 1497 2011 δὲ

344 2070 458 2160 μηδενὶ
479 2063 582 2164 άνθρ’
556 2094 650 2140 ωπον
668 2066 775 2160 ’όμοιον
797 2064 947 2140 εἶναι’
899 2094 985 2161 μητε
1003 2074 1066 2140 τῶν
1084 2071 1234 2140 παλαιῶν
1256 2066 1339 2162 μήτε
1359 2072 1422 2140 τῶν
1440 2073 1494 2139 555

343 2192 464 2281 όντων,
491 2191 696 2407 TW&
715 2193 840 2281 παντός
858 2193 1036 2289 θαύματος.
1080 2193 1144 2282 οἷος
1163 2194 1228 2292 γάρ
1241 2192 1411 2289 Ἀχιλλεὺς
1429 2199 1496 2289 ἐγέ-
1556 2242 1561 2250 ·

343 2350 430 2412 νετο,
459 2320 524 2395 άπε
559 2351 583 2395 α
621 2351 664 2395 ιεν
689 2321 730 2395 άν
757 2351 806 2409 τις
830 2325 891 2396 καὶ
910 2326 1078 2420 Βρασιδαν
1103 2326 1164 2397 καὶ
1185 2322 1325 2413 άλλους,
1351 2324 1413 2396 καὶ
1431 2320 1496 2409 οἷος

344 2444 389 2524 55
413 2455 590 2547 Περικλῆς,
616 2454 677 2524 καὶ
697 2455 849 2548 Νέστορα
868 2455 928 2524 καὶ
945 2448 1141 2548 Ἀντήνορα,
1169 2450 1229 2526 οἷοι
1248 2453 1285 2525 δὲ
1302 2453 1363 2524 καὶ
1383 2455 1522 2548 ἕτεροηᾱ

344 2582 405 2651 καὶ
423 2576 532 2677 [τοὺς]
551 2576 672 2665 άλλους
691 2577 784 2651 κατά
799 2577 895 2653 ταῦτ’
915 2578 955 2651 άν
973 2608 1023 2666 τις
1040 2577 1230 2668 άπεικάζοι·
1257 2578 1321 2665 οἷος
1337 2577 1365 2651 δ’
1386 2576 1497 2653 οὑτοσὶ

344 2713 455 2802 γέγονε
474 2704 535 2800 την
560 2704 703 2779 άτοπίαν
724 2705 905 2804 ἅνθρωπος,
931 2709 992 2781 καὶ
1011 2705 1112 2794 αὐτὸς
1130 2711 1191 2782 καὶ
1215 2712 1243 2781 οἱ
1266 2706 1357 2802 λόγοι
1379 2706 1496 2798 αὐτοῦ,

345 2832 410 2908 οὐδ’
437 2832 536 2929 ἐγγυς
563 2833 602 2907 555
627 2834 711 2933 εὕροι
736 2864 788 2921 τις
813 2843 936 2930 ζητῶν,
971 2835 1048 2911 οὔτε
1070 2841 1136 2909 τῶν
1161 2843 1216 2910 555
1241 2834 1317 2910 οὔτε
1341 2843 1404 2911 τῶν
1431 2864 1496 2910 πα·

344 2969 464 3054 λαιῶν,
492 2961 584 3057 εἰμὴ
605 2961 656 3061 ἄρ’
679 2968 708 3036 εἰ
728 2963 774 3050 οῖς
790 2963 853 3059 ἐγώ
868 2968 952 3060 λε’γι.)
972 2962 1145 3053 άπεικάζοι
1161 2993 1212 3050 τις
1233 2962 1352 3056 αὐτόν,
1378 2962 1497 3062 5555-

345 3120 412 3164 πων
432 3094 489 3186 μὲν
511 3095 633 3185 μηδενί,
658 3100 726 3178 τοῖς
742 3095 778 3165 δὲ
792 3097 960 3186 Σειληνοῖς
978 3096 1039 3167 καῖ
1056 3090 1238 3190 Σατύροις,
1266 3091 1368 3167 αὐτόν
1383 3122 1420 3167 τε
1437 3096 1497 3166 καὶ

345 3246 422 3306 του,
446 3224 573 3312 λογους.
1551 3294 1553 3297 .

423 3347 596 3423 XXXVII.
649 3350 718 3420 Καὶ
740 3346 805 3446 γάρ
825 3342 879 3422 οὖν
899 3352 960 3423 καὶ
979 3347 1068 3424 τοῦτ’
1093 3356 1211 3437 ἐντοῖς
1234 3347 1372 3448 πράτοις
1397 3217 1529 3448 5555-5?

346 3474 499 3565 λιπον,“
482 3503 533 3548 οτι
560 3478 620 3547 καὶ
644 3479 673 3548 οῖ
697 3474 785 3570 λόγοι
810 3475 913 3550 αὐτοῦ
943 3476 1133 3570 ὁμοιότατοῖ
1154 3483 1216 3550 εἰσι
1239 3487 1307 3565 τοῖς
1329 3484 1497 3572 Σειληνοῖς

346 3612 414 3689 τοῖς
441 3610 503 3676 διοι
492 3611 583 3698 ιέγομ
583 3631 656 3690 νοις.
709 3607 737 3676 εἰ
762 3602 829 3702 γάρ
853 3610 869 3677 5
861 3611 1081 3756 &nug
1049 3613 1113 3679 τῶν
1139 3605 1388 3704 Σωκράτους’
1366 3605 1520 3680 ακοόεινο

345 3730 467 3826 λόγον,
494 3740 621 3827 φανεῖεν
646 3730 687 3804 άν
705 3760 793 3806 πάνυ
805 3686 1045 3936 5555
1014 3741 1156 3832 πρῶτον·
1183 3741 1326 3809 τοιαῦτα
1344 3738 1405 3808 καὶ
1431 3733 1497 3810 ὀνό-

348 3888 443 3955 ματα
473 3863 534 3933 καὶ
566 3858 607 3956 ρη

583 3886 704 3955 ηματα
728 3863 839 3949 ἔξωθεν
866 3889 936 3959 περι
899 3763 1159 4073 &5555
1186 3860 1341 3961 Σατύρου
1403 3862 1494 3937 ”τιν

347 3986 553 4086 όβριστοῖο
516 3924 679 4104 ξράν·”
660 4016 753 4075 ονους
768 3987 833 4086 γάρ
851 4017 899 4062 κα
899 3891 1082 4078 ιουςλ
1083 3998 1147 4086 έγει
1166 4019 1227 4064 και
1214 3892 1332 4086 χαλῖι
1310 4018 1391 4078 κας
1405 3966 1533 4079 τινάςῗ

347 4119 407 4190 καὶ
434 4115 658 4211 σκυτοτόμους
687 4120 747 4190 καὶ
735 4017 1090 4217 βυρόδέῖόάς,
1035 4122 1095 4192 καὶ
1125 4117 1179 4193 άεὶ
1205 4117 1263 4193 διά
1292 4125 1356 4193 τῶν
1389 4117 1497 4193 αὐτῶν

347 4243 462 4318 ταύτά
483 4248 635 4341 φαίνεται
663 4252 783 4341 λέγειν,
819 4244 894 4319 ὅστ’
923 4244 1056 4344 άπειρος
1079 4251 1144 4360 καὶ
1167 4245 1306 4341 άνόητος
1332 4246 1498 4344 ἄνθρωπος

285 4381 416 4459 νννπάς
434 4371 474 4444 άν
496 4377 560 4445 τόν
579 4369 682 4467 λόγων
700 4371 951 4469 καταγελάσειε.
1004 4333 1216 4475 διοιγόμένόυς
1237 4373 1265 4448 δ’
1286 4365 1360 4448 ἰδών
1381 4369 1426 4448 55
1446 4404 1522 4465 τις·

347 4505 407 4575 καὶ
424 4500 513 4587 ἐντός
531 4497 641 4575 αὐτῶν
662 4499 846 4597 γιγνόμενος
864 4507 988 4600 πρῶτον
1010 4507 1066 4597 μὲν
1088 4511 1159 4578 νοῦν
1179 4510 1313 4598 ἔχοντας
1332 4509 1418 4578 ἔνδον
1442 4504 1498 4602 μό·

347 4657 420 4714 νους
436 4627 564 4727 εὑρήσει
587 4634 651 4703 τῶν
674 4628 796 4725 λόγων,
823 4636 939 4703 ἔπειτα
955 4629 1139 4718 θειοτάτους
1161 4635 1221 4705 καὶ
1239 4631 1362 4705 πλεῖστ’
1391 4629 1415 4706 ά
1438 4632 1498 4729 άλ-
1510 4674 1547 4727 ,5

349 4784 443 4851 ματα
470 4754 593 4854 αἱρετῆς
619 4762 650 4830 ἐν
677 4755 792 4845 αὑτοῖς
818 4762 952 4853 ἔχοντας
977 4763 1116 4833 καὶέπὶ
1145 4765 1295 4834 πλεῖστον
1320 4764 1497 4852 τείνοντας,
1550 4776 1553 4781 ’

348 4891 472 4980 μᾶλλον
496 4884 524 4959 δ’
548 4888 602 4960 ἐπὶ
624 4895 711 4978 πεῖν,
735 4885 810 4961 όσον
832 4886 990 4987 προσήκει
1015 4893 1147 4963 σκοπεῖν
1165 4897 1212 4989 τῷ
1232 4896 1381 4985 μέλλοντι
1404 4894 1503 4986 καλῖγ
