3850 5700
399 752 422 817 4
877 750 1084 806 Πιιτωινον

400 888 577 984 λαμβάνειν
603 889 664 983 τὴν
687 889 806 989 θῦραν,
833 895 893 965 καί
917 920 949 965 τι
975 898 1038 989 ἔφη
1064 891 1179 967 αῦτὸθι
1205 899 1327 989 γελοῖον
1351 898 1473 966 παθεῖν.
1532 890 1561 964 οἰ

402 1020 458 1111 μὲν
476 1016 541 1115 γάρ
560 1016 654 1106 εῦθῦς
673 1017 782 1093 παιδά
799 1018 855 1093 τιν’
878 1025 997 1094 ἔνδοθεν
1022 1019 1251 1115 άπαντήσαντ’
1277 1020 1366 1115 ἄγειν
1393 1013 1432 1093 οῦ
1460 1026 1560 1093 κατέ-

401 1173 506 1219 κειντο
535 1150 563 1219 οἰ
587 1146 699 1234 ἄλλοι,
727 1152 787 1220 καί
812 1147 1082 1243 καταλαμβάνειν
1107 1149 1175 1242 ἤδη
1204 1155 1382 1244 μέλλοντας
1409 1155 1559 1221 δειπνεῖν.

402 1272 494 1361 εῦθῦς
513 1272 539 1347 δ’
561 1268 615 1348 οῦν
634 1273 678 1363 ὦς
700 1280 775 1349 ἰδεῖν
800 1274 854 1349 τὸν
872 1275 1064 1371 Ἀγάθωνα,
1085 1270 1152 1367 Ὦ,
1180 1276 1301 1374 φάναι,
1326 1273 1560 1373 Ἀριστόδημε,

401 1408 447 1489 εἰς
471 1402 572 1477 καλὸν
598 1404 706 1497 ἥκεις,
733 1404 821 1491 ’σ’πως
845 1405 1100 1501 σννδειπνησης·
1128 1410 1156 1479 εἰ
1182 1404 1208 1477 δ’
1233 1403 1337 1479 άλλον
1365 1404 1452 1490 τινὸς
1478 1400 1559 1476 ἕνεκ’

378 1524 513 1623 .,ἧλθες,
540 1536 683 1619 εἰσαῦθις
703 1531 893 1627 άναβαλοῦ·
929 1532 971 1621 ῦς
994 1538 1052 1607 καὶ
1078 1538 1149 1629 χθὲς
1170 1541 1275 1629 ζητῦν
1297 1562 1351 1619 σε,
1379 1535 1434 1604 ίνα
1460 1538 1559 1605 καλέ-

402 1688 515 1755 σαιμι,
551 1658 609 1755 οῦχ
635 1658 701 1747 οίὸς
726 1659 754 1733 τ’
785 1654 807 1753 ἧ
835 1666 921 1735 ἰδεῖν.
975 1659 1066 1736 άλλοί
1092 1660 1259 1759 Σωκράτη
1288 1660 1365 1756 ἡμῖν
1396 1668 1468 1747 πῦς
1501 1657 1561 1733 οῦκ

333 1769 337 1776 ’
403 1786 512 1883 άγειςς
545 1786 666 1883 Κάγά,
694 1794 776 1887 ἔφη,
804 1788 1105 1888 μεταστρεφόμενος
1126 1788 1274 1885 οῦδαμοῦ
1301 1787 1362 1886 ὁρῦ
1387 1787 1560 1886 Σωκράτη

403 1915 564 2012 ἑπόμενον.
618 1916 704 1992 εἶπον
732 1910 806 2008 οῦν,
832 1918 883 1992 ’ὁτι
906 1922 966 1992 καὶ
985 1917 1087 2006 αῦτὸς
1110 1917 1195 2012 μετά
1210 1915 1412 2015 Σωκράτους
1431 1915 1558 2011 ἥκοιμι,

402 2049 532 2141 κληθεὶς
554 2043 607 2119 ὑπ’
628 2050 748 2120 ἐκείνου
772 2044 856 2144 δεῦρ’
876 2050 929 2120 ε’πὶ
947 2054 1083 2121 δεῖπνον.
1140 2052 1259 2132 Καλῶς
1280 2043 1321 2141 γ’,
1350 2050 1432 2141 ἔφη,
1460 2052 1559 2119 ποιῶν

344 2173 462 2248 ιτοσῦ·
490 2173 581 2248 άλλοί
604 2183 665 2248 ποῦ
688 2180 775 2248 ἔστιν
802 2168 917 2262 οῦτοςς
942 2173 1098 2248 ’Όπισθεν
1119 2181 1197 2270 ἐμοῦ
1224 2173 1301 2271 άρτι
1320 2171 1438 2269 εἰσῄει·
1469 2171 1580 2246 άλλά·

402 2301 559 2396 θαυμάζω
576 2306 635 2377 καί
653 2300 771 2393 αῦτῦς,
799 2310 861 2377 ποῦ
881 2302 921 2376 άν
940 2307 1000 2395 είη.
1055 2301 1105 2377 Οῦ
1124 2306 1254 2401 σκέψει,
1283 2308 1364 2400 ἔφη,
1390 2311 1466 2391 παῖ,
1496 2298 1560 2398 φά-

401 2459 456 2505 ναι
483 2429 539 2505 τὸν
564 2429 756 2526 Ἀγάθωνα,
791 2434 851 2505 καὶ
877 2429 1018 2520 είσάξεις
1046 2430 1229 2530 Σωκράτη;
1265 2430 1306 2505 σῦ
1335 2427 1376 2519 δ’,
1404 2422 1426 2523 ἧ
1454 2427 1485 2502 δ’
1514 2427 1559 2516 ῦς,

400 2558 633 2656 Ἀριστίδημε,
661 2557 736 2656 παρ’
763 2557 980 2656 Ἐρυξίμαχον
1007 2564 1220 2634 κατακλίνοι.

479 2692 532 2760 lll.
587 2690 655 2760 Καὶ
672 2694 688 2761 ἓ
703 2691 759 2782 μὲν
780 2693 842 2785 ἔφη
861 2686 1019 2777 ἀπονίζειν
1037 2688 1091 2761 τὸν
1110 2695 1237 2776 παιδα,
1264 2689 1319 2759 ίνα
1338 2692 1558 2766 κατακέοιτο·

403 2815 502 2891 άλλον
521 2822 558 2890 δέ
574 2844 649 2890 τινα
667 2824 730 2890 τῶν
749 2819 875 2892 παίδων
898 2816 988 2906 ἥκειν
1007 2814 1213 2913 άγγέλλοντα
1230 2815 1281 2890 ’ότι
1298 2812 1490 2912 Σωκράτης
1508 2807 1561 2889 οῦ·

403 2974 459 3032 τος
482 2943 702 3044 ἀναχωρήσας
726 2952 823 3046 ἐντῷ
854 2952 918 3019 τῦν
936 2938 1084 3042 γειτῦνων
1109 2942 1252 3046 προθῦρρ
1275 2949 1415 3037 ἕστηκε,
1441 2946 1507 3017 καὶ
1524 2934 1559 3017 οῦ

403 3079 584 3161 καλοῦντος
604 3073 666 3149 οῦκ
682 3080 779 3148 ἐθέλει
794 3079 935 3148 εἰσιέναι.
968 3071 1114 3148 ’Ἄτοπὸν
1132 3071 1176 3169 γ’,
1197 3078 1273 3169 ἔφη,
1290 3078 1410 3167 λέγεις·
1438 3069 1560 3145 οῦκοῦν

403 3209 516 3289 καλεῖς
536 3201 637 3276 αῦτὸν
662 3205 721 3275 καί
746 3201 792 3296 μὴ
817 3200 976 3300 άφήσεις;
1012 3204 1081 3275 Καὶ
1107 3199 1143 3288 ὃς
1168 3206 1232 3298 ἔφη
1256 3205 1353 3273 εἰπεῖν
1372 3205 1583 3294 Μηδαμῦςο

405 3328 476 3403 ἀλλ’
502 3328 570 3403 ἐᾶτ’
592 3328 701 3404 αῦτόν.
756 3333 823 3416 ἔθος
842 3329 907 3428 γάρ
926 3359 959 3403 τι
982 3327 1070 3403 τοῦτ’
1094 3334 1173 3424 ἔχει·
1201 3325 1292 3403 ἐνίοτ’
1312 3325 1471 3414 άποστοίς
1488 3328 1562 3402 ῦποι

405 3455 447 3531 οἰν
468 3455 552 3552 τῦχη
570 3462 714 3551 ἕστηκεν.
750 3457 821 3552 ἥξει
835 3457 862 3531 δ’
884 3455 1028 3549 αῦτίκα,
1055 3456 1099 3544 ὡς
1116 3451 1251 3558 ἐγῷμαι.
1294 3455 1342 3551 μὴ
1359 3449 1414 3530 οῦν
1429 3466 1561 3545 κινεῖτε,

405 3583 478 3660 άλλ’
505 3590 591 3660 έοῐτε.
643 3584 731 3659 Ἀλλ’
757 3587 841 3660 οῦτω
865 3585 927 3685 χρη
953 3597 1070 3676 ποιεῖν,
1104 3590 1132 3659 εί
1158 3590 1209 3660 σοί
1233 3593 1338 3676 δοκεῖ,
1370 3583 1481 3682 φάναι
1506 3583 1561 3658 τὸν

401 3713 584 3810 Ἀγάθωνα.
631 3713 701 3787 ἀλλ’
722 3713 830 3810 ἡμᾶς,
859 3709 882 3787 ὦ
902 3723 1036 3802 παῖδες,
1066 3715 1142 3801 τοῦς
1162 3714 1282 3800 άλλους
1299 3719 1449 3787 έστιοῐτε·
1479 3711 1561 3786 πάν-

405 3873 469 3932 τως
488 3843 720 3940 παρατίθετεὸ
746 3842 844 3916 τισίν
871 3841 1046 3938 βοῦλησθε,
1079 3841 1208 3917 ἐπειδάν
1233 3871 1283 3929 τις
1307 3839 1383 3937 ῦμῖν
1411 3840 1461 3935 μὴ
1491 3847 1561 3938 έρε-

405 3972 536 4068 στήκη,
563 3969 580 4045 ὃ
604 3970 666 4066 έγῦ
686 3969 883 4046 οῦδεπώποτ’
905 3975 1058 4063 ἐποίησα.
1108 3978 1164 4046 νῦν
1184 3965 1240 4044 οῦν
1265 3973 1445 4065 νομίζοντες
1471 3967 1562 4062 κάμέ

405 4099 457 4197 ὑφ’
477 4099 566 4195 ῦμιῦν
584 4104 765 4194 κεκλῆσθαι
779 4103 832 4173 ἐπὶ
848 4107 974 4174 δεῖπνον
991 4104 1051 4174 καὶ
1070 4098 1188 4174 τοῦσδε
1206 4097 1284 4185 τοῦς
1301 4097 1441 4189 ἄλλους,
1470 4105 1562 4196 θερα

405 4227 537 4320 πεῦετε,
565 4226 599 4302 ῖν’
622 4225 713 4323 ῦμάς
737 4232 924 4322 έπαινῦμεν.
980 4227 1074 4302 Μετοί
1096 4226 1190 4301 ταῦτ’
1217 4232 1281 4325 ἔφη
1306 4232 1396 4324 σφοῖς
1420 4229 1480 4319 μὲν
1500 4233 1582 4306 δτι-ι

405 4364 511 4447 πνεῖν,
535 4355 589 4431 τὸν
615 4359 652 4430 δὲ
671 4354 838 4454 Σωκράτη
857 4353 918 4430 οῦκ
937 4362 1078 4431 εἰσιέναι.
1132 4356 1186 4429 τὸν
1206 4349 1261 4429 οῦν
1280 4351 1459 4449 Ἀγάθωνα.
1485 4359 1563 4428 πολ-

405 4481 503 4571 λάκις
529 4481 667 4558 κελεύειν
693 4489 973 4584 μεταπέμψασθαι
1000 4483 1054 4558 τὸν
1082 4482 1267 4582 Σωκράτη,
1302 4489 1319 4556 έ
1344 4480 1370 4555 δ’
1400 4479 1467 4556 οῦκ
1494 4489 1564 4556 έᾱν.

405 4611 496 4706 ἥκειν
512 4604 566 4685 οῦν
582 4610 684 4687 αῦτὸν
701 4611 737 4686 οῦ
753 4611 853 4686 πολῦν
869 4611 988 4710 χρόνον,
1013 4610 1056 4699 ῦς
1072 4609 1182 4701 εἰώθει,
1209 4614 1446 4709 διατρίψαντα,
1473 4610 1565 4685 άλλά

407 4739 556 4837 μάλιστα
580 4745 670 4838 σφοῖς
694 4748 811 4835 μεσοῦν
834 4748 1053 4828 δειπνοῦντας.
1107 4739 1161 4813 τὸν
1186 4733 1239 4814 οῦν
1262 4736 1457 4834 Ἀγάθωνα,
1485 4768 1566 4839 τνγ·Ι

389 4926 392 4931 -
402 4868 512 4967 χάνειν
541 4867 607 4967 γάρ
636 4873 774 4966 ἔσχατον
803 4870 1039 4964 κατακείμενον
1069 4864 1182 4963 μὸνον,
1215 4865 1325 4965 Δεῦςί,
1360 4869 1425 4964 ἔφη
1455 4867 1575 4968 φάναι,
