3850 5700
349 765 395 830 vl
551 785 557 794 ·
828 766 1026 813 rumrtrro.

421 904 476 951 186.
512 894 809 967 ούτιδὲμύνον-
844 902 927 960 Libri,
953 894 993 953 ὅτι
1010 898 1040 953 δέ
1055 894 1084 953 ού
1103 896 1177 966 μόνον
1196 896 1399 961 reris-quoe
1416 902 1453 950 sie
1470 903 1509 950 in·

349 1002 528 1057 terpretantur,
555 1002 582 1044 ut
599 987 691 1058 Ἔρως
714 991 756 1046 έπλ
778 998 835 1052 ταῖς
857 996 952 1062 ψυχαῖς
976 992 1044 1046 έστλν
1065 995 1130 1043 idem
1148 996 1180 1042 sit
1198 998 1263 1054 qnod
1285 992 1379 1046 ἔνεστιν
1405 991 1431 1047 έν
1448 999 1509 1053 ταῖς

350 1090 458 1157 ψυχαῖς,
478 1092 520 1138 vel
538 1088 640 1156 κατέχει
657 1084 703 1146 τὰς
721 1086 823 1155 ψυχάς,
851 1089 899 1137 Sed
914 1091 976 1138 haec
991 1090 1107 1149 loquendi
1125 1091 1187 1137 ratio
1205 1092 1272 1137 nullo
1290 1092 1406 1151 exemplo
1423 1092 1508 1138 firma·

349 1189 404 1242 tur,
429 1198 508 1244 neque
530 1185 570 1231 hic
593 1198 680 1231 sensus
698 1184 809 1242 reliquae
827 1184 932 1231 orationi
955 1185 1078 1232 convenit.
1120 1184 1153 1231 Iit
1170 1184 1210 1230 hic
1228 1189 1252 1230 et
1268 1184 1334 1230 infra
1358 1176 1387 1247 (ὁ
1406 1179 1448 1234 ἐπὶ
1467 1184 1506 1249 τῷ

349 1272 450 1343 ύγιεινῷ
470 1273 548 1341 ἔρως,
567 1271 581 1327 e‘
600 1272 642 1327 έπλ
659 1275 696 1342 τῷ
715 1272 833 1336 νοσώδει)
852 1273 976 1327 tetidem
994 1278 1114 1337 estquod
1132 1273 1169 1335 έν,
1188 1278 1227 1324 eui
1245 1278 1376 1337 opponitur
1395 1272 1435 1341 (έν
1452 1280 1508 1334 τοῖς

349 1362 434 1427 ἄλλοις
456 1367 579 1435 σώμασι).
621 1364 794 1436 πρεσβεύω
819 1386 877 1434 μου
903 1398 943 1416 -—.
981 1370 1020 1417 Sic
1042 1371 1148 1428 mutavi,
1175 1370 1241 1429 quod
1262 1372 1288 1417 in
1311 1371 1382 1418 libris
1404 1371 1507 1431 legitur,

348 1458 538 1531 πρεσβεύωμεν.
581 1466 646 1511 Nam
662 1464 842 1524 Eryximachus
860 1466 890 1512 de
908 1480 934 1512 se
952 1480 1001 1512 uno
1019 1466 1140 1523 loquitur,
1168 1479 1285 1524 suamque
1303 1469 1381 1512 artem
1399 1480 1506 1511 comme·

348 1562 435 1605 morat.
456 1554 518 1608 ,ἔτι
536 1553 569 1609 δὲ
588 1550 695 1621 ὥσπερ
712 1583 756 1603 -.
791 1557 862 1605 Libri
880 1554 934 1609 ἔστι
948 1555 982 1621 δὴ
1000 1550 1131 1623 ὥσπερ-
1150 1547 1280 1605 durissime
1292 1558 1427 1605 verborum
1438 1572 1506 1605 cem-

347 1652 483 1713 positione,
506 1656 534 1698 ut
551 1646 607 1701 έστι
625 1646 658 1715 δή
676 1646 753 1701 καλὸν
771 1649 922 1718 χαρίζεσθαι
939 1653 1012 1701 simul
1028 1653 1164 1713 capiantur.
1198 1648 1427 1712 nepessinus,
1455 1667 1506 1712 (μισ

344 1746 398 1806 Jam
415 1759 508 1793 norum
524 1746 605 1792 locum
623 1746 691 1804 tangi
708 1744 836 1793 indicetur.
878 1747 1004 1794 Hactenus
1022 1747 1087 1794 enim
1105 1749 1134 1794 de
1156 1746 1222 1794 bona
1238 1748 1352 1805 maleque
1369 1746 1506 1805 cupiditate

347 1839 392 1890 τοῦ
410 1834 518 1903 ἐρῶντος
534 1839 608 1899 dixit;
635 1839 752 1890 παυσατο
775 1840 968 1899 morigeratione
991 1839 1035 1891 τοῦ
1054 1836 1182 1904 ἐρωμένου
1204 1841 1277 1887 alteri
1294 1840 1405 1899 debitae,
1431 1841 1507 1888 elteri

347 1934 475 1992 negandae
494 1932 601 1979 dicturus
619 1937 664 1979 est.
683 1927 755 1983 ’διὰ
774 1934 834 1995 [τοῦ
855 1932 938 1995 θεοῦ]
957 1926 1074 1984 τούτου
1093 1961 1134 1981 -.
1164 1933 1189 1981 Si
1207 1929 1297 1984 τούτου
1314 1935 1412 1981 deDeo
1429 1935 1505 1981 intel·

347 2027 472 2086 ligendum
497 2031 574 2085 esset,
599 2026 701 2073 dixisset
724 2028 810 2073 saltem
834 2020 892 2078 ύπύ.
933 2026 982 2074 Sed
1006 2023 1049 2078 διὰ
1065 2021 1154 2078 τούτου
1177 2032 1215 2075 est
1237 2022 1280 2078 διὰ
1297 2027 1341 2077 τού
1363 2024 1507 2091 ἐμποιῆσαι

349 2116 432 2183 ἔρωτα
448 2122 501 2177 τοῖς
518 2115 642 2177 ἐναντίοις.
1165 2100 1167 2103 ¹

354 2254 365 2272 ,
417 2215 473 2262 187.
516 2208 654 2265 ἐνταῦθά
679 2228 724 2264 πω
743 2240 782 2259 -·.
818 2214 857 2262 sie
882 2215 978 2262 correxi
1002 2215 1068 2274 quod
1090 2217 1166 2274 vulgo
1188 2215 1280 2273 legitur
1301 2210 1413 2264 ἐνταῦθα’
1437 2229 1505 2272 πως.

346 2309 413 2355 Dum
434 2308 527 2368 musica
552 2309 578 2354 in
602 2322 665 2371 pura
687 2309 790 2356 scientia
810 2309 934 2367 consistit,
962 2309 1066 2355 necdum
1090 2310 1116 2355 in
1141 2314 1218 2356 artem
1242 2313 1315 2367 atque
1338 2309 1506 2356 instrumenta

345 2402 456 2461 transiit,
482 2402 561 2450 bonus
577 2407 672 2449 tantum
689 2417 769 2460 amor,
795 2404 818 2449 h.
836 2418 857 2450 e.
876 2403 948 2462 justa·
964 2407 988 2450 et
1005 2399 1067 2450 vera'
1084 2411 1200 2450 sonorum
1218 2387 1361 2459 concordia,
1389 2406 1505 2461 apparet,

346 2497 428 2555 itaque
445 2510 553 2543 amorem
571 2497 692 2556 duplicem
710 2511 765 2543 esse
782 2497 891 2543 nondum
908 2497 1022 2544 cernitur.

416 2592 472 2637 188.
509 2580 573 2640 ἄλλ’
597 2580 698 2652 ύμοια.
718 2617 746 2625 -
784 2590 855 2637 Libri
879 2582 932 2640 ἄλλ’
955 2581 1072 2655 αἷνύμοια.
1115 2590 1186 2637 Unde
1211 2590 1369 2636 Hermannus
1394 2578 1451 2639 ἄλλ’
1470 2576 1506 2640 αύ

347 2675 433 2746 ὅμοια.
475 2681 523 2729 Sed
544 2683 584 2729 hic
605 2684 687 2730 nullus
710 2689 748 2730 est
771 2685 793 2730 ei
818 2684 951 2744 pbrticulae
975 2685 1050 2731 locus.
1093 2683 1194 2744 Syllaba
1212 2679 1258 2731 ΑΝ
1284 2697 1315 2730 ex
1337 2682 1504 2742 praecedente

348 2774 415 2825 ΔΔΔ
435 2776 555 2835 originem
572 2777 652 2823 traxit.
688 2774 854 2851 γίγνονται
877 2803 910 2822 -·.
947 2778 1018 2824 Libri
1035 2774 1159 2841 γίγνεται,
1186 2776 1251 2835 quod
1274 2781 1372 2836 praeter
1388 2775 1504 2822 Hirschi-

346 2872 413 2931 gium
437 2885 521 2918 omnes
545 2876 602 2932 post
618 2872 761 2919 Bekkerum
782 2873 899 2931 retinent,
925 2873 1037 2919 nonnulli
1059 2873 1133 2919 etiam
1159 2872 1293 2919 defendunt
1317 2875 1342 2917 et
1365 2870 1505 2917 illustrant.

346 2966 414 3025 Quos
431 2969 459 3012 ut
474 2966 558 3014 sedulo
576 2971 681 3013 caveant
698 2946 814 3013 studiosis
831 2966 1028 3013 adolescentibus
1046 2966 1120 3012 etiam
1137 2969 1210 3024 atque
1228 2965 1302 3012 etiam
1319 2965 1456 3024 praecipio.

416 3061 472 3107 190.
507 3061 619 3120 Ineptum
642 3059 744 3106 duorum
769 3060 945 3107 vocabulorum
968 3060 1124 3106 iterationem
1147 3057 1174 3108 οἱ
1197 3056 1422 3123 κυβιστῶντες
1448 3073 1504 3108 κυ-

346 3151 484 3220 βιστῶσι
503 3149 614 3220 κύκλῳ
633 3180 662 3189 -
684 3149 837 3218 ἐφέροντο
859 3148 973 3218 κύκλῳ
992 3180 1023 3188 -
1050 3154 1151 3200 resectis
1168 3152 1321 3199 emblematis
1338 3151 1399 3197 mihi
1419 3156 1505 3199 sustu-

344 3248 403 3294 iisse
419 3248 513 3294 videor.
548 3244 722 3310 τέμνοντες
745 3244 799 3296 καλ
822 3243 994 3310 μέλλοντες
1018 3240 1206 3311 respexeritis
1224 3247 1266 3291 -’.
1302 3243 1342 3290 Sic
1358 3244 1429 3303 libri:
1459 3246 1504 3292 sed

345 3345 413 3401 petet
439 3356 464 3403 μ.
482 3355 505 3389 τ.
529 3354 628 3387 causam
652 3339 695 3390 τοῦ
721 3322 818 3402 τέμνειν
842 3340 963 3398 indicare,
992 3340 1095 3399 ideoque
1118 3336 1162 3389 καλ
1187 3353 1237 3385 non
1262 3339 1339 3386 fuisse
1363 3336 1504 3387 aHatene

345 3434 469 3494 seriptum.
504 3478 510 3488 ,

415 3528 473 3575 191.
508 3522 542 3576 έκ
559 3524 671 3578 τούτου
688 3525 870 3592 τοῦγένους
887 3525 1056 3592 γίγνονται
1075 3554 1116 3572 -.
1141 3527 1211 3574 Ηαοο
1228 3526 1323 3574 uncinis
1341 3525 1504 3574 circumdedi.

347 3621 373 3668 si
391 3622 469 3668 altero
486 3621 626 3681 praedicato
645 3635 707 3682 opus
725 3636 779 3669 esse
796 3622 940 3669 credidisset
951 3623 1031 3681 Plato,
1049 3621 1115 3681 quod
1133 3635 1206 3681 aegre
1224 3620 1330 3667 adducar
1347 3625 1375 3666 ut
1392 3622 1503 3680 credam,

346 3717 471 3774 aliquante
488 3715 614 3775 pulchrius
631 3702 768 3763 orationem
785 3716 917 3774 variasset,
936 3729 1011 3774 quam
1028 3711 1148 3779 γεγόνασι
1164 3715 1190 3761 in
1207 3711 1332 3778 γίγνονται
1349 3716 1478 3762 mutando.

416 3810 472 3856 192.
509 3804 686 3871 λαυμαστύι
712 3805 948 3873 ἐκπλήττονται
967 3835 1006 3854 -.
1050 3807 1090 3855 Sic
1112 3808 1182 3854 libri:
1209 3808 1252 3855 scd
1274 3809 1352 3855 oratio
1375 3809 1504 3868 pedestris

347 3902 503 3968 θαυμαστῶς
519 3903 663 3962 requireret.
697 3903 778 3962 Quum
797 3882 954 3950 verisimilius
971 3889 1026 3949 esse
1044 3902 1169 3949 crederem
1194 3897 1332 3965 ’,λαυμαστά
1349 3916 1364 3948 a
1381 3907 1442 3949 noto
1462 3918 1503 3950 su·

345 3997 460 4058 perlativi
477 3997 629 4056 compendio,
648 4009 720 4055 quarn
739 4010 754 4042 a
772 3993 928 4059 θαυμαστῶς
945 3996 1021 4043 fuisse
1032 4000 1182 4056 corruptum,
1201 3996 1269 4042 illam
1280 3997 1412 4043 lectionem
1427 4011 1502 4057 prae·

344 4091 397 4138 tnli.
431 4087 488 4141 τού
514 4078 548 4140 ού
573 4084 670 4140 πάλαι
693 4081 753 4153 ἄρα
777 4083 996 4154 έπεὲιύμει-.
1032 4090 1125 4149 Vulgo,
1148 4087 1222 4140 τοῦτο
1241 4081 1254 4140 ὃ
1272 4105 1298 4140 π.
1317 4083 1343 4140 οἱ.
1362 4085 1398 4149 έ.,
1425 4105 1503 4150 quem

345 4199 429 4233 σαεααι
445 4189 574 4243 utrumque
592 4183 709 4242 verbum,
728 4188 752 4230 et
770 4176 870 4235 ἀκούειν
888 4189 912 4231 et
930 4179 1068 4243 iettensis,
1087 4198 1203 4244 respuere
1222 4184 1276 4243 quis
1294 4198 1344 4230 non
1362 4185 1502 4245 intelligit?

415 4281 471 4326 194.
508 4275 535 4328 εἰ
558 4270 581 4328 δ’
600 4270 665 4328 ἀλλ’
684 4272 833 4343 έντύχοις
857 4280 970 4341 σοφοῖς
988 4304 1030 4321 -.
1067 4276 1107 4324 Sic
1124 4278 1239 4338 rescripsi
1258 4278 1324 4337 quod
1340 4280 1420 4338 vulgo
1438 4280 1502 4339 legi·

345 4380 384 4421 tur
403 4369 425 4422 εἰ
443 4364 466 4423 δ’
478 4362 562 4429 ἄλλοις
574 4367 595 4424 έ.
608 4385 631 4421 σι
667 4371 746 4429 Atqui
759 4371 813 4430 ipse
829 4385 904 4431 supra
918 4386 945 4419 se
963 4376 1121 4431 caeterosque
1139 4373 1180 4430 qui
1198 4372 1313 4418 adessent
1331 4366 1427 4437 σοφούς
1445 4388 1502 4421 esse

345 4467 435 4514 diserte
452 4470 594 4525 negaverat.
629 4465 688 4511 Mox
705 4453 733 4514 dt
750 4469 807 4524 post
823 4460 929 4530 αἰσχρὸν
946 4470 1012 4512 recte
1030 4466 1157 4512 damnavit
1174 4466 1336 4525 Hirsehigius.

415 4561 472 4606 195.
508 4553 577 4616 οἷος
593 4551 676 4611 ὅσων
698 4556 800 4614 αἴτιος
817 4549 858 4607 eis
881 4553 1040 4625 τυγχάνει
1062 4585 1090 4593 -
1125 4559 1225 4619 Ambigi
1242 4560 1315 4606 video
1332 4560 1502 4619 legendumne

345 4655 378 4702 sit
394 4645 462 4705 ὅσων
480 4668 511 4700 en
530 4650 595 4704 οἵων.
631 4653 750 4700 Neutrum
767 4665 854 4699 verum
873 4658 923 4712 est;
942 4651 1022 4710 αἴτιος
1039 4668 1069 4700 ex
1088 4646 1166 4711 αύτὸς
1183 4654 1345 4714 depravatum
1362 4658 1407 4700 est.
1445 4655 1502 4703 Hoc

345 4749 420 4808 igitur
435 4748 561 4805 restituto,
581 4744 639 4798 οἵων
656 4751 682 4794 et
699 4737 767 4797 ’ύσων
785 4745 832 4793 sibi
849 4747 968 4805 habento,
987 4748 1030 4807 qui
1047 4748 1095 4794 huc
1111 4748 1200 4808 injussi
1217 4749 1373 4795 invexerunt.

415 4844 470 4890 197.
516 4835 552 4891 ου’
560 4858 576 4891 κ
603 4837 735 4894 ἔπεστιν
756 4829 871 4913 Ἔρως.
914 4841 954 4888 Sic
981 4843 1112 4902 legendnm
1137 4857 1193 4889 eum
1217 4842 1341 4889 Bekkero.
1383 4842 1503 4892 Baiterus
