3850 5700
343 756 421 822 vm
829 756 1027 806 raenrerro.

344 909 431 954 supra:
458 892 503 945 τοῦ
522 884 580 944 ίίλου
599 889 752 950 ἐπιτιθέντες
777 884 864 957 ὄνομα.
906 895 957 941 Fac
981 898 1063 941 eutem
1080 861 1247 956 ολερωσερωο
1264 908 1294 941 ox
1311 907 1444 953 perperam
1463 894 1509 940 ite-

347 993 402 1035 rata
419 1003 481 1037 voce
499 987 618 1048 scriptum
635 988 695 1036 olim
713 988 802 1047 fuisse;
824 993 877 1035 tum
894 988 956 1035 nihil
972 987 1144 1044 verisimilius,
1169 1001 1243 1046 quam
1259 988 1365 1034 scribam
1382 987 1410 1034 in
1427 987 1508 1048 pessi·

346 1096 414 1129 mam
431 1083 500 1128 illam
518 1057 683 1142 conjecturam
707 1077 829 1129 incidisse.
875 1080 923 1128 Sed
945 1082 1020 1128 altius
1046 1083 1107 1128 latet
1131 1082 1212 1141 uleue;
1238 1095 1295 1128 nam
1320 1081 1341 1128 si
1365 1081 1423 1139 quis
1444 1082 1509 1128 haec

345 1179 439 1222 tantum
461 1176 541 1235 legat:
569 1166 635 1226 eiuro
660 1171 739 1226 τοίνυν
762 1170 807 1224 καί
820 1171 886 1238 -ττερλ
903 1169 946 1226 τὸν
964 1166 1089 1239 Ἔρωτα·
1115 1169 1144 1225 τό
1164 1169 1208 1238 μὲν
1227 1170 1375 1238 κεφάλαιον,
1404 1167 1507 1224 dotted

348 1262 470 1333 μέγιστός
486 1284 515 1318 τε
533 1264 577 1319 καί
596 1260 652 1325 ὅλος
671 1264 735 1331 ἐρως
752 1266 837 1319 παντί·
865 1269 920 1327 quie
937 1283 988 1316 nou
1005 1270 1110 1316 fateatur
1128 1269 1154 1315 id
1170 1268 1252 1328 ipsum
1269 1269 1328 1326 diei,
1354 1269 1422 1327 qnod
1438 1269 1507 1316 inter

346 1363 475 1423 superiore
491 1368 516 1411 et
531 1363 596 1410 iufra
612 1362 715 1410 dicenda
732 1362 839 1410 medium
856 1354 915 1423 poni
927 1363 1058 1423 oporteat?
1094 1363 1184 1410 Jamne
1195 1362 1353 1409 manifestum
1365 1367 1404 1410 cst
1415 1361 1505 1421 verba,

345 1455 417 1506 πᾶσα
433 1448 452 1521 ή
469 1453 520 1507 τῶν
538 1448 643 1520 ἀγαθῶν
661 1451 783 1519 ἐπιλυμία
801 1452 845 1506 καί
863 1453 907 1507 τοῦ
926 1448 1084 1520 εὐδαιμονεῖν
1103 1456 1134 1503 ab
1151 1457 1234 1516 inepte
1252 1457 1336 1503 sedulo
1348 1456 1450 1503 homine
1469 1456 1506 1503 in-

345 1554 413 1598 trusa
432 1565 499 1609 esse,
518 1550 560 1609 qni
579 1546 645 1600 ἐστιν
664 1564 720 1597 cum
736 1545 810 1599 παντί
828 1550 974 1610 capiendum
992 1564 1045 1598 esse
1063 1564 1113 1598 uon
1131 1550 1245 1597 videret?

414 1646 471 1693 206.
507 1640 536 1694 ἐν
558 1639 598 1708 τῇ
622 1637 736 1709 ήλικίᾳ
754 1670 795 1688 -.
832 1642 872 1691 Sic
889 1643 1057 1702 scribendum,
1084 1658 1133 1691 non
1152 1648 1179 1690 ut
1195 1643 1252 1691 libri
1271 1639 1296 1693 ἐν
1313 1659 1368 1694 τινι.
1406 1643 1507 1705 Saepis-

346 1737 407 1785 sime
425 1738 607 1786 confunduutur
625 1733 692 1786 ΤΗΙ
710 1740 735 1783 et
753 1733 840 1786 ΤΙΝΙ.
875 1730 893 1802 ή
920 1731 980 1800 γὰρ
1005 1729 1126 1799 ἀνδρὸς
1145 1733 1201 1787 καί
1218 1731 1372 1801 γυναικὸς
1390 1749 1507 1787 συνου-

347 1827 401 1880 σία
425 1827 525 1887 τόκος
550 1826 644 1881 ἐστίν.
680 1830 881 1878 Additamenium
897 1831 929 1878 ab
947 1831 1086 1878 recentibus
1104 1831 1238 1878 editoribus
1256 1832 1410 1890 demnatum,
1428 1832 1507 1878 lecto-

349 1923 417 1971 ribus
434 1924 528 1983 indico,
547 1937 596 1983 quo
614 1923 710 1971 facilins
724 1924 847 1983 judicent,
874 1939 947 1984 qnam
965 1929 1057 1973 temero
1074 1925 1222 1985 interpolata
1244 1925 1276 1972 sit
1292 1925 1396 1984 hujusce
1410 1925 1507 1985 dialogi

348 2018 433 2065 oratio.
474 2018 595 2077 Equidem
619 2018 738 2065 confiteor
755 2018 821 2065 haud
838 2020 942 2065 multum
959 2018 1067 2066 abfuisse
1085 2019 1145 2078 quin
1162 2033 1192 2066 aa
1209 2033 1306 2079 quoque
1330 2033 1394 2078 qnae
1419 2020 1507 2079 paullo

347 2125 422 2172 supra
438 2113 554 2172 leguntur
572 2111 698 2172 ejicerem:
715 2108 741 2162 τί
758 2108 831 2162 τοῦτο
848 2106 968 2177 τυγχάνει
985 2102 1013 2162 ’ὃν
1030 2107 1059 2164 το“
1079 2108 1164 2177 ἐργον;

416 2206 473 2253 208.
508 2198 945 2269 τῆςᾶπιοίοηςμνήμην-.
980 2207 1055 2265 Jure,
1082 2205 1312 2264 etmihividetnr,
1332 2200 1435 2270 μνήμην
1455 2207 1507 2266 eje-

347 2300 379 2346 cit
395 2299 556 2360 Voegelinus.
586 2300 740 2359 Megistellus
762 2300 809 2346 hoc
833 2300 996 2360 supplendum
1013 2304 1081 2347 ratus
1103 2304 1154 2358 est,
1183 2300 1226 2347 nbi
1243 2294 1388 2364 ἐπιστήμην
1413 2300 1506 2348 subau-

346 2393 540 2441 diendumeret
575 2382 1167 2467 λαυμοίζοιςᾶντήςοῖλογίας,ὁὶἐγολ
1186 2391 1305 2457 εἴρηκα
1326 2390 1355 2443 εί
1381 2388 1424 2458 μή
1453 2391 1507 2445 ἐν·

347 2490 432 2544 νοεῖς
449 2512 491 2531 -.
526 2486 566 2533 Sic
584 2486 752 2546 scribendum,
779 2488 881 2547 expulso
904 2484 961 2551 περὶ
986 2492 1010 2535 et
1034 2487 1131 2535 sublate
1155 2492 1212 2547 post
1229 2485 1320 2551 είρηκα
1337 2487 1517 2536 distinctione.-

346 2581 411 2627 Nem
428 2581 494 2639 quod
511 2580 609 2627 Bestius
627 2580 737 2637 volebat,
763 2578 812 2657 τῆς
830 2573 934 2644 ἀλογίας
951 2577 1022 2645 πέρι,
1049 2596 1099 2629 non
1121 2587 1159 2629 est
1182 2596 1212 2628 ex
1231 2580 1382 2628 Graecorum
1400 2596 1507 2630 consue-

346 2674 445 2733 tudine;
472 2678 575 2733 apparet
597 2668 655 2737 περί
678 2673 709 2720 ab
727 2673 811 2733 aliquo
829 2674 938 2721 additum
956 2675 999 2733 qui
1015 2664 1032 2725 ἃ
1051 2669 1103 2739 ἐγώ
1122 2672 1214 2738 είρηκα
1230 2675 1262 2722 ab
1280 2670 1372 2730 ἐννοεῖς
1393 2677 1507 2736 pendere

347 2781 397 2814 nou
414 2768 484 2813 vidit.
519 2767 583 2826 Quid
601 2770 683 2814 eutem
702 2763 724 2816 εί
742 2762 778 2831 μή
798 2763 890 2825 ἐννοεῖς
908 2763 1064 2832 ἐνθυμηθείς
1080 2769 1127 2816 sibi
1144 2770 1234 2827 velint,
1261 2770 1327 2816 hand
1344 2769 1418 2816 facile
1436 2771 1507 2818 dixe·

347 2863 394 2909 ris:
421 2858 587 2925 deiopeiobur
603 2867 641 2910 est
657 2860 861 2920 animaduertere,
888 2857 978 2913 ἐννοεῖν
996 2863 1108 2921 copim
1153 2864 1208 2911 Hoc
1229 2868 1295 2911 recte
1319 2864 1351 2910 ed
1374 2865 1507 2912 hominum

347 2957 412 3003 iacta
428 2956 547 3016 pertinet,
563 2956 624 3003 illud
642 2956 674 3003 ad
690 2956 814 3004 Diotimee
832 2956 991 3016 sapientiam,
1010 2970 1059 3014 qua
1076 2940 1196 3004 factorum
1213 2971 1287 3004 cansa
1304 2958 1451 3017 explicatur.

418 3050 475 3099 209.
511 3044 545 3101 τό
564 3045 660 3102 καλὸν
679 3047 708 3101 ἐν
727 3038 751 3116 ᾦ
768 3039 805 3100 ἂν
823 3044 996 3114 γεννήσειε
1016 3077 1054 3095 -.
1083 3051 1138 3098 Nou
1156 3065 1211 3099 esse
1225 3050 1345 3099 Graecam
1363 3052 1428 3099 hane
1446 3067 1507 3113 syn-

347 3144 415 3192 taxin
433 3159 461 3192 eo
480 3146 578 3202 saltem,
597 3158 645 3203 quo
663 3145 703 3191 hie
719 3145 826 3205 ponitur,
845 3158 918 3192 sensu
936 3145 1040 3193 fidenter
1057 3145 1202 3205 pronuntio;
1229 3146 1259 3193 de
1276 3146 1384 3193 remedio
1402 3146 1506 3195 haereo.

347 3240 415 3286 Nihil
438 3239 558 3299 postulari
575 3238 673 3286 videtur
694 3238 754 3296 uisi,
781 3233 806 3288 ἐν
826 3226 849 3301 oi
866 3232 989 3303 γεννήσῃ.
1033 3233 1069 3289 τὰ
1094 3233 1176 3289 καλὰ
1201 3236 1321 3302 μᾶλλον
1345 3228 1364 3301 ή
1390 3233 1427 3290 τὰ
1454 3237 1508 3291 ai·

349 3326 430 3398 σγροί
449 3358 489 3378 -.
523 3331 633 3379 Mirabor
650 3331 676 3378 ni
693 3332 754 3379 haec
770 3331 819 3379 tria
835 3332 922 3398 ultima
938 3332 1017 3380 verba
1035 3332 1122 3380 scribis
1140 3333 1282 3383 debeantur.
1301 3389 1303 3395 y

417 3427 474 3473 210.
509 3420 633 3474 τίκτειν
659 3418 829 3481 τοιούτους
853 3420 967 3489 λόγους
990 3422 1061 3488 [καί]
1088 3426 1194 3489 ζητεῖν
1214 3452 1253 3472 -.
1289 3427 1419 3474 Molestum
1445 3441 1506 3475 con-

345 3518 499 3578 junctionem
524 3518 621 3567 seeluei.
665 3514 781 3582 μηκέτι
806 3516 848 3584 τῷ
874 3511 942 3582 παρ’
968 3515 1025 3578 ἑνί,
1053 3512 1163 3583 ὥσπερ
1189 3512 1505 3584 οίκέτης,-ἀγαπῶν,

348 3608 524 3675 παιδαρίου
554 3605 698 3674 [κάλλος]
729 3601 748 3675 ή
775 3604 946 3675 ἀνθρώπου
970 3607 1055 3670 τινος
1080 3603 1099 3675 ή
1126 3608 1387 3677 ἐπιτηδεύματος
1417 3608 1505 3675 ἑνός,

348 3698 512 3758 δουλεύων
530 3703 650 3769 φαῦλος
667 3693 695 3771 ή
730 3707 799 3754 Haec
815 3706 851 3754 ita
867 3706 997 3755 scribenda
1014 3721 1068 3755 csse
1086 3722 1126 3755 res
1144 3708 1199 3768 ipse
1215 3709 1312 3755 clamat

350 3830 353 3836 -
418 3801 475 3847 211.
512 3791 639 3856 οἱςτιοί
658 3794 713 3863 μὲν
732 3790 895 3858 ὂνκαλόν,
922 3797 992 3849 τισί
1012 3792 1035 3851 δ’
1054 3795 1195 3867 αἰσχρόν.
1230 3803 1505 3851 Ηεοοτοοιοδυιιιιιιι-

348 3893 552 3954 vitVoegelinns‚
570 3907 610 3941 me
622 3894 814 3942 consentientem
832 3894 968 3952 habiturus,
987 3895 1009 3942 si
1025 3898 1050 3942 ei
1066 3895 1181 3944 continuo
1198 3896 1371 3956 praecedentia
1387 3896 1506 3946 damnas·

349 3994 393 4036 set.
434 3988 506 4035 Plato
530 3987 643 4046 minime,
668 3991 695 4034 ut
718 3986 818 4048 opinor,
845 3985 1000 4053 κατηγορίας
1022 3989 1140 4050 temporis
1161 3991 1263 4047 otiosi,
1289 3990 1338 4036 alie
1355 3990 1506 4050 interposita

280 4090 286 4100 '
349 4082 509 4130 disnamsset.
545 4077 600 4131 καί
616 4071 677 4132 οἷπό
695 4078 757 4131 τῶν
776 4077 980 4145 μαθημάτων
1000 4108 1039 4128 -.
1074 4083 1202 4131 Revereri
1218 4083 1337 4131 librorum
1353 4084 1506 4145 scripturam

349 4178 412 4227 male
429 4176 456 4223 in
474 4171 524 4232 ἕως
541 4164 571 4226 de
591 4167 613 4224 οἷ.
633 4189 654 4223 τ.
673 4191 700 4238 μ.
718 4179 843 4223 mutatam.
880 4175 946 4223 Vera
962 4175 1042 4224 morbi
1060 4177 1131 4225 sedes
1148 4182 1186 4226 est
1198 4177 1224 4224 in
1235 4178 1328 4236 verbis,
1345 4171 1374 4228 τὸ
1389 4172 1506 4243 μάθημα

349 4264 490 4334 τελευτήσῃ
509 4268 540 4316 ab
557 4269 640 4329 inepto
658 4265 824 4328 grammatico
835 4269 935 4328 edditis3
954 4271 1019 4328 quod
1037 4271 1128 4318 factum
1146 4275 1194 4329 est,
1213 4272 1271 4330 quie
1288 4261 1336 4322 edis
1353 4271 1377 4317 in
1398 4268 1443 4322 καί
1462 4274 1505 4322 do·

348 4367 453 4425 prevete
479 4362 527 4425 (sie
544 4363 610 4411 enirn
634 4363 665 4411 ed
689 4364 754 4411 hunc
778 4363 841 4411 diem
864 4363 1017 4424 legebatur),
1044 4365 1118 4412 totius
1144 4365 1192 4413 ioci
1213 4364 1377 4426 interpunctio
1402 4366 1506 4414 turbata

305 4506 307 4510 ,
348 4462 409 4504 erat.
451 4456 529 4515 Quid,
556 4457 623 4515 quod
644 4471 676 4504 ue
698 4471 784 4505 verum
805 4457 904 4516 quidem
926 4461 964 4506 est
985 4458 1057 4516 illud,
1085 4460 1151 4518 quod
1174 4473 1189 4505 a
1211 4460 1291 4507 scriba
1314 4460 1505 4519 suppeditetur?

349 4553 413 4598 Nem
431 4551 466 4598 sic
484 4555 596 4597 evectum
613 4551 788 4611 philosophum
805 4566 855 4598 uon
872 4556 970 4611 oportet
986 4547 1028 4602 ἐπλ
1045 4546 1074 4602 τὸ
1092 4547 1204 4616 μάθημα
1221 4551 1385 4616 τελευτήσαι,
1413 4569 1506 4604 verum

349 4637 388 4695 ἐπ’
406 4636 483 4702 ου’τό,
507 4633 695 4695 ἓέστικαλόν.
731 4640 890 4709 φλυαρίας
907 4641 1042 4709 ονητής,
1066 4637 1132 4696 ἀλλ’
1150 4638 1227 4698 αὐτὸ
1245 4642 1278 4697 τί
1298 4645 1384 4697 λεῖον
1403 4645 1506 4702 καλὸν

349 4732 483 4788 δύναιτο
501 4732 669 4802 μονοειδὲς
685 4740 837 4790 κατιδεῖν.
871 4739 963 4787 Parum
980 4740 1086 4801 diligens
1097 4739 1207 4787 Platonis
1220 4741 1297 4788 lector
1307 4741 1383 4789 fuerit
1399 4756 1506 4813 neeesse

348 4837 398 4891 est,
417 4833 557 4892 quicunque
572 4833 616 4880 vel
633 4829 742 4896 θνητῆς,
760 4833 802 4880 vel
819 4845 881 4892 quae
898 4837 1045 4892 sequnntur,
1064 4834 1192 4883 defensam
1209 4838 1256 4883 eat
