3850 5700
610 806 654 851 DE
675 804 833 853 Pnsroms
852 804 995 850 LEGIBUS
1016 804 1181 850 EPISTOLA.
1421 803 1444 846 V

388 984 463 1050 633.
508 982 675 1050 Platonem
694 983 854 1071 scripsisse
868 983 982 1050 credo:
1008 981 1029 1065 ἢ
1049 981 1104 1050 καὶ
1122 980 1202 1070 πρὸς
1220 978 1323 1047 πόθον
1341 1004 1378 1044 τε
1390 978 1445 1045 καὶ

245 1102 247 1106 ”
343 1092 455 1177 ἡδονῆς
468 1093 555 1165 τινδς
569 1093 669 1165 δεινὰς
684 1092 829 1169 θωπείας,
843 1094 946 1160 deleto
960 1092 1071 1159 inutili
1084 1093 1266 1164 κολακικάς.

391 1208 464 1273 635.
510 1214 592 1273 extr.
607 1205 640 1273 τὶ
659 1205 808 1295 διάφερον
826 1207 860 1271 ἐν
878 1204 1008 1275 ταύταις
1024 1208 1095 1276 ταῖς
1109 1203 1283 1281 πολιτείας,
1301 1203 1338 1293 [ἢ
1357 1202 1443 1291 ταῖς]

345 1320 412 1384 τῶν
432 1318 499 1404 εἰκῇ
519 1320 771 1403 πολιτευομένων
791 1315 1012 1407 ἀνευρήσομεν.
1055 1319 1109 1383 En
1127 1341 1244 1404 purum
1261 1324 1377 1404 putum
1395 1339 1445 1382 re·

346 1454 508 1497 censorem
522 1431 579 1518 qui
593 1431 751 1518 genitivos
765 1431 837 1497 illos
851 1454 870 1497 a
884 1428 1033 1517 διάφερον
1046 1430 1184 1516 pendere
1194 1451 1260 1495 non
1273 1426 1446 1495 intellexit.

349 1544 508 1609 Praeterea
521 1543 694 1630 legendum
707 1545 775 1625 μῶν
788 1567 829 1617 τι,
844 1549 877 1608 et
890 1542 1023 1608 fortasse
1037 1539 1251 1629 ε’νευρήσομεν.

389 1656 463 1720 640.
507 1657 561 1720 νῦν
581 1652 615 1719 δέ
634 1679 672 1737 ηε
694 1654 732 1719 οὐ
751 1651 970 1742 στρατοπέδου
991 1641 1066 1740 περὶ
1085 1651 1221 1737 λέγομεν
1241 1651 1391 1741 ἄρξοντος
1412 1651 1446 1716 ἐν
1573 1737 1577 1745 .

347 1766 470 1855 ἀνδρῶν
494 1764 633 1850 ὁμιλίαις
658 1764 781 1853 ἐχθρῶν
803 1763 929 1853 ἐχθροῖς
952 1761 1035 1846 μετὰ
1056 1763 1209 1847 πολέμου,
1233 1761 1338 1851 φίλων
1362 1761 1389 1827 δ’
1414 1763 1449 1828 έν

347 1877 453 1967 εἰρήνῃ
463 1877 543 1967 πρὸς
553 1876 667 1964 φιλους
677 1873 929 1956 κοινωνησόντων
940 1874 1186 1965 φιλοφροσύνης.
1210 1877 1299 1964 Lege
1310 1901 1447 1963 στρατη·

346 1993 415 2074 χοῦ,
429 1987 512 2077 πέρι,
528 1989 598 2055 dele
617 1989 661 2063 ἐν,
678 1988 751 2075 lege
766 1985 901 2071 ὁμιλίας,
913 1988 999 2074 quod
1012 1988 1223 2054 communiter
1237 2011 1311 2053 oum
1324 1987 1448 2075 ἐχθρῶν

347 2110 382 2169 et
402 2106 508 2189 φιλων
527 2100 718 2188 capiendum
739 2106 796 2166 est.
844 2100 926 2166 Haec
947 2100 976 2166 si
1004 2100 1056 2167 cui
1081 2101 1249 2166 audaciore
1268 2099 1448 2179 videantur,

348 2237 490 2302 quaeram
515 2237 557 2279 ex
577 2212 645 2293 illo,
666 2212 778 2278 fierine
798 2212 898 2299 possit
918 2219 956 2277 ut
979 2210 1054 2300 περὶ
1077 2236 1098 2278 a
1122 2235 1197 2278 casu
1219 2235 1276 2278 suo
1300 2211 1449 2301 ἄρξοντος

349 2326 517 2413 interjecto
541 2324 676 2407 λέγομεν
699 2323 889 2389 divellatur:
919 2323 1036 2390 deinde
1060 2330 1171 2389 utrum
1191 2322 1327 2389 Platone
1348 2323 1449 2409 digna

349 2438 496 2505 videatur
516 2437 685 2504 antithesis
706 2434 814 2524 ἄρξων,
830 2434 1195 2525 στρατοπέδου-ἄρξων
1215 2433 1333 2523 φίλων·
1361 2443 1447 2523 post-

348 2573 437 2617 remo
459 2548 538 2636 quid
561 2548 624 2615 sibi
647 2547 737 2626 velit,
760 2545 873 2635 ἄρχειν
895 2574 947 2613 στ.
973 2547 1006 2613 έν
1029 2545 1150 2636 ἀνδρῶν
1173 2546 1321 2632 ὁμιλίαις.
1364 2547 1449 2615 Ιύίθ.

349 2662 444 2728 infra.
460 2662 541 2748 lege,
556 2658 734 2744 μεθυόντων
747 2658 810 2747 qap
823 2658 947 2743 μεθύων
961 2658 1015 2725 καὶ
1029 2657 1106 2726 νέων
1118 2659 1228 2748 ἄρχων
1240 2658 1285 2745 μὴ
1300 2657 1410 2747 σοφός.

395 2775 468 2840 642.
513 2773 590 2845 ἴσως
606 2772 665 2858 μὲν
679 2772 733 2839 σύν
746 2771 801 2838 καὶ
814 2775 899 2838 πᾶσι
912 2775 978 2842 τοῖς
994 2771 1109 2839 παισὶν
1125 2771 1254 2838 ἐπειδὰν
1269 2772 1451 2839 ἀκούσωσιν

348 2885 401 2952 ὁτι
414 2884 497 2957 τινὸς
511 2885 575 2952 εἰσι
593 2883 717 2955 πόλεως
736 2883 890 2973 πρόξενοι,
905 2883 1006 2970 ταύτῃ
1024 2910 1073 2956 τις
1092 2883 1196 2950 εύνοια
1216 2885 1252 2950 ἐκ
1271 2885 1347 2950 νέων
1361 2884 1451 2957 εύθὺς

351 2997 490 3064 ἐνδύεται
501 2996 636 3064 ἕκαστον
647 2996 751 3084 [ἡμῶν
764 2998 827 3061 τῶν
841 2993 1000 3083 προξένων
1010 2999 1050 3080 τῇ
1063 2995 1181 3082 πόλει].
1212 2996 1338 3062 Videsis
1353 3020 1450 3083 quam

352 3110 484 3198 pulchre
509 3109 678 3176 concinant
699 3109 788 3192 ἡμῶν
808 3115 841 3174 et
862 3109 948 3194 quod
971 3108 1115 3196 sequitur
1137 3106 1192 3174 καὶ
1213 3107 1251 3191 δὴ
1272 3109 1327 3175 καὶ
1347 3109 1450 3182 αὐτός.

244 3301 245 3304 ¹
351 3223 433 3289 Mox
453 3221 524 3289 dele
544 3220 625 3310 πρὸς
644 3220 736 3296 αὐτὰ,
750 3244 823 3309 quae
843 3220 1016 3308 Megillum
1036 3221 1216 3289 laudatores
1236 3223 1333 3311 juxta
1354 3228 1464 3312 etque

350 3333 583 3419 vituperatores
615 3332 864 3399 Atheniensium
898 3333 1144 3420 impugnantem
1175 3333 1327 3401 efficiunt
1356 3328 1358 3334 ’
1386 3336 1451 3402 His

351 3445 461 3512 miseri
479 3444 653 3532 magistelli
672 3444 989 3532 interpretationibus
1008 3444 1115 3510 valere
1134 3445 1241 3533 jussis,
1260 3446 1335 3514 vido
1353 3470 1450 3535 quam

350 3556 485 3645 pulchre
507 3556 615 3622 omnia
636 3557 819 3642 procedant.
872 3556 1002 3643 Duplex
1028 3555 1161 3622 affertur
1185 3581 1280 3624 eausa
1303 3581 1362 3625 cur
1382 3567 1451 3626 tem

352 3668 454 3736 amice
467 3668 503 3734 in
517 3667 764 3734 Atheniensium
777 3668 943 3735 civitatem
956 3667 1087 3734 affectis
1101 3668 1164 3748 sit;
1185 3670 1327 3756 primum
1341 3672 1451 3758 quiae

352 3781 475 3847 civibus
489 3780 554 3847 suis
567 3802 691 3866 semper
704 3779 855 3845 audiebat
870 3779 891 3861 ἡ
911 3777 955 3860 σὴ
972 3777 1077 3854 πόλις,
1091 3779 1207 3847 deinde
1220 3781 1297 3868 quia
1314 3781 1451 3871 ἐμάχετο

352 3889 432 3979 πρὸς
445 3890 518 3962 τοὺς
530 3890 588 3974 τὴν
601 3890 699 3958 πόλιν
713 3890 758 3961 εἰς
770 3888 878 3978 ψὸηον
891 3889 1034 3974 ι’ύγοντας.

397 4005 471 4070 643.
508 4007 563 4071 νύν
575 4003 637 4097 χὸρ
649 4003 843 4085 ὀνειδίζοντες
854 3995 1052 4074 ἐπαινοῦντες
1066 4003 1094 4070 θ
1106 4003 1250 4071 ἑκάστων
1263 4003 1320 4075 τὸς
1333 4004 1453 4093 τροφὰς

353 4113 488 4199 λέγομεν
514 4115 555 4188 ὡς
576 4114 632 4207 τὸν
658 4117 717 4203 μὲν
741 4115 990 4200 πεπαιδευμένον
1016 4117 1105 4200 ἡμῶν
1129 4117 1207 4183 ὄντα
1234 4117 1313 4192 τινά,
1342 4115 1397 4182 τὸν
1425 4116 1452 4183 δ’

346 4227 552 4316 ἀπαίδευτον,
567 4229 665 4296 ένίοτε
683 4231 726 4302 είς
745 4256 781 4296 τε
797 4217 974 4311 καπηλείας
990 4229 1044 4296 καὶ
1061 4229 1251 4319 ναυκληρίας
1269 4229 1323 4295 καὶ
1341 4228 1453 4296 ἄλλων

352 4340 504 4408 τοιούτων
526 4342 618 4426 μάλα
642 4341 898 4426 πεπαιδευμένων
922 4340 1049 4431 σφόδρα
1069 4341 1251 4430 ἀνθρώπων.
1295 4343 1454 4430 Corrupto

353 4453 423 4519 haee
451 4476 518 4518 esse
546 4477 639 4519 nemo
664 4477 730 4520 non
754 4454 853 4531 videt,
879 4454 935 4520 sed
956 4436 1135 4520 remedium
1159 4453 1196 4519 in
1218 4462 1370 4542 promptu
1393 4463 1451 4521 est.

355 4563 453 4650 Lege,
477 4561 531 4627 καὶ
551 4561 640 4629 ἄλλα
665 4561 763 4628 τοιάδ’
787 4564 825 4629 ού
847 4565 910 4629 τῶν
933 4561 1025 4647 μάλα
1049 4562 1304 4649 πεπαιδευμένων
1328 4564 1454 4655 σφόδρα

355 4671 539 4762 ἀνθρώπων.
578 4675 659 4742 Mox
673 4675 729 4742 ubi
743 4675 782 4742 de
797 4675 907 4742 eadem
921 4675 1121 4744 institutione
1135 4699 1236 4743 sermo
1251 4684 1308 4755 est,
1320 4678 1454 4744 absurde
