3850 5700
854 770 1084 826 ΣΥΜΠΟΣΙΟΝ.
1504 772 1545 838 17

390 911 437 986 τὰ
456 919 608 987 τοιαῦτα.
655 910 781 999 τοῦτοις
799 915 983 1004 έπιστηθεὶς
1000 917 1106 1009 ἔρωτα
1124 917 1303 1025 έμποιησαι
1320 915 1379 986 καὶ
1397 910 1561 1008 ὁμὸνοιαν

391 1039 407 1114 ὁ
423 1039 580 1138 ἡμέτερος
594 1039 748 1138 πρὸγονος
760 1037 974 1134 Ἀσκληπιὸς,
1001 1039 1043 1127 ώς
1059 1068 1159 1137 φασιν
1178 1038 1237 1114 οἵδ’
1255 1044 1284 1114 οἱ
1300 1044 1435 1134 ποιηταὶ
1450 1038 1546 1136 κὰγώ

391 1174 558 1263 πείθομαι,
586 1176 766 1262 συνέστησε
790 1168 850 1263 την
871 1166 1035 1265 ἡμετέραν
1054 1175 1177 1263 τέχνην.
1230 1165 1301 1259 ἥτ’
1323 1161 1378 1241 οῦν
1401 1166 1545 1266 ἰατρική,

392 1296 499 1393 ὥσπερ
515 1302 726 1394 λέγω,’πο”ισα
742 1295 799 1370 διὰ
816 1295 890 1395 [τοῦ
910 1289 996 1397 θεοῦ]
1014 1295 1133 1370 τοῦτον
1150 1302 1359 1394 κυβερνᾶται,
1386 1293 1558 1383 ώσαώτως·

339 1443 380 1491 νεῖ
390 1427 429 1499 δὲ
442 1427 503 1498 καὶ
517 1424 727 1520 γυμναστικὴ
745 1428 804 1498 καὶ
821 1428 972 1523 γεωργία.
1023 1423 1175 1517 Μουσικὴ
1191 1427 1228 1497 δὲ
1245 1427 1304 1497 καὶ
1321 1426 1421 1497 παντί
1439 1422 1570 1497 κατά-ι

390 1559 492 1647 δηλος
519 1560 564 1653 τῷ
588 1556 648 1626 καὶ
674 1552 808 1652 σμικρὸν
832 1559 1019 1650 προσέχοντι
1048 1552 1102 1626 τὸν
1124 1560 1205 1654 νοῦν
1231 1552 1282 1625 ὁτι
1307 1552 1402 1625 κατὰ
1431 1549 1547 1627 ταῦτὰ

391 1686 458 1775 ἔχει
473 1679 611 1772 τούτοις,
639 1680 746 1778 ώσπερ
764 1684 842 1768 ἴσως
860 1683 919 1754 καὶ
932 1678 1150 1779 Ἡράκλειτος
1168 1678 1321 1775 βούλεται
1336 1686 1451 1775 λέγειν,
1477 1683 1547 1753 έπεὶ

391 1817 461 1896 τοῖς
478 1836 515 1905 γε
536 1806 676 1906 ῥήμασιν
694 1806 731 1882 ου’
751 1813 864 1895 καλώς
882 1814 978 1903 λέγει.
1031 1808 1069 1882 τὸ
1086 1814 1117 1881 ἓν
1137 1807 1201 1907 γάρ
1219 1836 1301 1906 φησι
1316 1806 1547 1906 διαφερόμενον

393 1935 477 2010 αῦτὸ
496 1935 589 2037 αὐτῷ
607 1939 839 2035 ξυμφέρεσθαι,
868 1936 976 2034 ὥσπερ
995 1934 1152 2035 ἁρμονίαν
1171 1935 1266 2025 τὸξου
1288 1965 1324 2010 τε
1349 1938 1408 2011 καὶ
1433 1934 1545 2034 λῦρας.

392 2068 516 2139 ἔστιδὲ
535 2064 640 2158 πολλὴ
662 2062 784 2159 ἀλογία
808 2062 963 2161 ἁρμονίαν
985 2063 1090 2162 φοίναι
1108 2064 1356 2163 διαφέρεσθαιῆ
1379 2070 1418 2137 έκ
1433 2072 1546 2163 διαφε-

392 2199 528 2291 ρομένων
548 2198 597 2266 ἔτι
614 2191 704 2267 εἶναι.
758 2191 829 2266 ἀλλ’
851 2197 930 2281 ίσως
948 2190 1018 2267 τίδ’
1034 2192 1183 2288 ἐβοώλετο
1201 2199 1322 2289 λέγειν,
1350 2192 1401 2267 ὁτι
1420 2198 1459 2265 ἐκ
1476 2200 1547 2266 δια-

392 2327 572 2418 φερομένων
592 2319 765 2419 πρὸτερον,·
781 2328 839 2395 τοῦ
862 2319 950 2410 ὁξέος
968 2324 1029 2395 καὶ
1046 2327 1178 2419 βαρέος,
1205 2317 1300 2394 ἔπειθ’
1319 2320 1454 2418 ὕστερον
1473 2319 1546 2417 ὁμο·

391 2446 602 2544 λογησὰντων
618 2455 744 2545 γέγονεν
762 2446 826 2522 ῦπὸ
850 2456 913 2539 τῆς
930 2456 1091 2545 μουσικῆς
1114 2443 1238 2544 τέχνης.
1285 2447 1328 2529 Ιου’
1354 2448 1418 2547 γὰρ
1439 2447 1572 2541 δήπουθ

392 2581 431 2649 ἐκ
456 2582 690 2673 διαφερομένων
715 2575 744 2672 γ’
765 2582 813 2650 ἔτι
836 2585 895 2651 τοῦ
912 2574 1002 2666 ὁξέος
1026 2579 1086 2650 καὶ
1112 2583 1226 2674 βαρέος
1249 2574 1391 2675 ἁρμονία
1415 2575 1456 2649 ἁν
1483 2581 1544 2671 είη.

392 2702 498 2801 ἡγὰρ
518 2700 658 2800 ἁρμονία
676 2709 851 2803 συμφωνία
868 2709 948 2794 έστί,
971 2708 1146 2803 συμφωνία
1159 2702 1186 2778 δ’
1206 2702 1362 2801 ὁμολογία
1378 2730 1444 2793 τις·
1473 2703 1547 2801 ὁμο-

391 2836 506 2927 λογίαν
525 2830 553 2905 δ’
575 2837 612 2906 ἐκ
633 2840 887 2935 διαφερομένων,
915 2837 975 2920 ἕως
998 2833 1039 2908 ἁν
1059 2840 1295 2932 διαφέρωνται,
1322 2830 1487 2908 ἁδῦνατον
1505 2832 1548 2907 εί-

391 2985 466 3034 ναι·
491 2959 717 3058 διαφερὸμενον
737 2959 765 3034 δ’
790 2955 833 3035 αὸ
855 2961 979 3056 καὶμὴ
1005 2960 1181 3057 ὁμολογοῦν
1206 2959 1369 3034 οἱδῦνατον
1391 2960 1546 3059 ἁρμόσαι

393 3088 502 3185 ώσπερ
518 3116 555 3184 γε
570 3091 630 3162 καὶ
647 3087 662 3162 ὁ
681 3088 796 3185 ὁυθμὸς
813 3094 850 3162 έκ
868 3097 927 3163 τοῦ
942 3097 1062 3186 ταχέας
1078 3093 1138 3163 καὶ
1151 3095 1571 3187 βραδέοςδιενηνεγμένωνι

392 3214 564 3315 πρὸτερον,
591 3216 723 3315 ὕστερον
741 3215 769 3291 δ’
791 3216 1063 3313 ὁμολογησάντων
1079 3224 1198 3312 γέγονε.
1251 3215 1312 3312 τὴν
1330 3216 1357 3291 δ’
1376 3215 1547 3313 ὁμολογίαν

393 3351 481 3417 πᾶσι
504 3342 647 3436 τούτοις,
675 3345 782 3443 ώσπερ
804 3351 872 3419 έκεί
894 3343 915 3440 ἡ
939 3345 1091 3444 ἰατρική,
1117 3343 1242 3420 ἐνταῦθ’
1263 3344 1285 3438 η
1306 3345 1446 3442 μουσικὴ
1468 3349 1550 3419 έντί-
1633 3347 1635 3352 ’

394 3477 498 3567 θησιν,
526 3477 632 3570 ἔρωτα
651 3476 710 3546 καὶ
726 3472 874 3568 ὁμὸνοιαν
893 3471 1050 3570 ἀλλήλοις
1066 3473 1292 3569 έμποιήσασα·
1321 3478 1381 3549 καὶ
1399 3480 1485 3549 ἔστιν
1504 3467 1549 3547 αῦ

395 3599 537 3695 μουσικὴ
556 3602 629 3698 ’περὶ
645 3597 801 3699 ἁρμονίαν
821 3605 881 3675 καὶ
900 3600 1015 3699 ρυθμὸν
1032 3607 1191 3700 ἐρωτικῶν
1210 3601 1387 3698 ἐπιστήμη.
1439 3604 1500 3675 καὶ
1516 3606 1548 3674 ἐν

394 3735 453 3826 μέν
474 3725 503 3823 γ’
526 3725 615 3824 αῦτη
640 3736 683 3824 τῇ
702 3727 861 3803 ουστὰσει
881 3728 1041 3828 ἁρμονίας
1060 3759 1097 3802 τε
1121 3734 1182 3804 καὶ
1202 3735 1320 3827 ῥυθμοῦ
1342 3729 1434 3804 ου’δὲν
1452 3737 1549 3826 χαλε-

394 3855 455 3930 πὸν
472 3855 518 3929 τοὶ
535 3856 675 3954 έρωτικοὶ
691 3855 947 3954 διαγιγνώσκειν,
976 3856 1044 3933 ου’δ’
1062 3855 1078 3931 ὁ
1094 3865 1228 3946 διπλοῦς
1247 3863 1324 3955 ἔρως
1340 3856 1481 3932 ἐνταῦθά
1498 3885 1548 3930 πω

394 3988 501 4058 ἔστιν·
535 3981 607 4058 ἀλλ’
635 3984 765 4059 έπειδὰν
793 3991 853 4080 δέη
883 3985 962 4091 πρὸς
993 3985 1069 4073 τοῦς
1102 3985 1288 4084 ἀνθρώπους
1316 3992 1550 4084 καταχρῆσθαι

394 4117 504 4212 ῥυθμῷ
522 4141 558 4186 τε
579 4115 639 4186 καὶ
662 4109 802 4213 ἁρμονία
821 4112 844 4209 η’
866 4118 1041 4205 ποιοῦντα,
1068 4112 1148 4207 ὁδή
1172 4118 1356 4209 μελοποιίαν
1380 4119 1575 4203 καλοῦσιν,ι

394 4238 419 4336 ἧ
445 4237 602 4337 χρώμενον
627 4238 724 4339 ὀρθῶς
747 4251 817 4328 τοίς
836 4249 1063 4337 πεποιημένοις
1083 4246 1195 4338 μέλεσί
1216 4245 1335 4316 τεκαὶ
1360 4249 1505 4340 μέτροις,
1531 4239 1548 4313 ὁ

392 4366 439 4462 δὴ
462 4371 596 4442 παιδεία
615 4366 757 4463 έκληθη,
784 4375 928 4444 ἐνταῦθα
950 4370 993 4462 δὴ
1012 4373 1073 4444 καὶ
1091 4370 1233 4465 χαλεπὸν
1255 4373 1316 4444 καὶ
1340 4369 1465 4466 ἁγαθοῦ
1491 4377 1549 4464 δη·
1649 4410 1651 4414 ·

361 4582 365 4588 ,
392 4504 550 4594 μιουργοῦ
575 4503 633 4571 δεῖ.
687 4495 784 4571 ποίλιν
810 4496 875 4595 γὰρ
900 4498 975 4593 ἥκει
1003 4496 1022 4587 ὁ
1047 4494 1148 4586 αῦτὸς
1173 4497 1287 4594 λὸγος,
1321 4499 1372 4572 ὁτι
1398 4508 1466 4586 τοῖς
1493 4500 1549 4593 μὲν

390 4628 543 4719 κοσμίοις
568 4629 632 4699 τών
659 4623 851 4721 ἀνθρώπων,
877 4629 937 4700 καὶ
963 4625 1006 4714 ώς
1035 4626 1075 4700 ἁν
1100 4625 1310 4726 κοσμιώτεροι
1336 4631 1494 4723 γίγνοιντο
1522 4629 1551 4699 οἱ

389 4751 497 4851 μήπω
520 4751 627 4845 ὁντες,
652 4760 703 4826 δεῖ
720 4757 905 4852 χαρίζεσθαι
922 4757 983 4828 καὶ
1000 4752 1179 4852 φυλοίττειν
1203 4754 1258 4828 τὸν
1282 4753 1405 4829 τούτων
1434 4760 1549 4851 ἔρωτα,

387 4884 459 4959 καὶ
479 4872 576 4968 οῦτὸς
593 4886 680 4956 ἐστιν
705 4879 721 4955 ὁ
743 4880 863 4976 καλὸς,
890 4879 905 4956 ὁ
925 4879 1091 4983 οῦρὰνιος,
1118 4880 1134 4960 ὁ
1156 4891 1222 4982 τῖγς
1242 4880 1574 4984 οῦρανίαςδλοῦσης

1350 5019 1374 5072 ‘2
