3850 5700
706 769 937 826 ανααοκτοιι
1086 807 1089 814 ,
1356 772 1396 840 31

241 911 357 1004 ἐπειδὴ
373 914 433 985 καὶ
451 904 563 985 τᾶλλα
585 917 697 997 καλῶς
717 913 777 983 καὶ
803 915 1058 1007 μεγαλοπρεπῶς
1080 915 1207 1004 διῆλθες
1226 907 1291 995 οίός
1317 914 1397 998 ἐστι,

240 1044 303 1114 καὶ
326 1038 393 1113 τόδ’
414 1044 500 1112 εἰπέ·
529 1035 659 1135 πότερόν
684 1044 754 1111 ἐστι
772 1045 934 1124 τοιοῦτος,
963 1036 1028 1124 οἷος
1046 1036 1129 1110 εἶναι
1148 1035 1235 1123 τινὸς
1253 1036 1269 1111 ό
1288 1037 1424 1133 Ἔρωςᾱ

243 1174 339 1265 ἔρως,
366 1166 552 1262 ἢούδενόςς
578 1172 684 1264 ἐρωτῶ
703 1164 731 1239 θ’
750 1163 820 1250 ούκ,
847 1169 875 1237 εί
894 1163 1017 1262 μητρός
1037 1193 1120 1252 τινος
1139 1164 1302 1262 ἧπατρός
1318 1170 1397 1251 ἐστι,

243 1302 366 1391 γελοῖον
389 1294 454 1390 γάρ
480 1293 521 1368 οἲν
543 1297 593 1386 εἴη
616 1291 653 1367 τό
678 1291 851 1388 ἐρῶτημα,
878 1297 906 1365 εί
923 1291 1033 1390 Ἔρως
1057 1296 1144 1367 ἐστὶν
1162 1299 1248 1389 ἐρως
1278 1292 1399 1391 μητρὸς

243 1423 266 1516 ἢ
292 1421 435 1519 πατρός,
463 1419 534 1494 ἀλλ’
562 1420 668 1519 ῶσπερ
698 1420 737 1494 άν
765 1425 793 1491 εί
821 1419 904 1494 αύτό
928 1428 1045 1510 τούτο,
1076 1428 1229 1516 πατέρα,
1253 1418 1398 1517 ἠρώτων,

245 1544 294 1648 ἆρ’
316 1549 333 1624 ὁ
352 1547 464 1645 πατηρ
490 1554 560 1622 ἐστι
584 1547 695 1644 πατημ
720 1576 821 1635 τινος,
848 1547 872 1640 ἠ
900 1547 956 1626 ούι
984 1547 1070 1635 είπες
1089 1547 1130 1621 άν
1146 1546 1253 1641 δήπου
1273 1576 1344 1642 μοι,
1371 1552 1399 1621 εί

245 1677 378 1773 ἐβούλου
399 1683 512 1762 καλῶς
530 1675 788 1772 ἀποκρίνασθαι,
814 1676 865 1749 ότι
888 1681 974 1748 ἐστιν
998 1681 1083 1763 υἱέος
1103 1674 1133 1771 γ’
1154 1675 1176 1769 ἧ
1198 1676 1355 1775 θυγατρὸς
1382 1674 1397 1749 ὁ

244 1793 358 1901 πατὴρ
376 1801 505 1901 πατήρ·
533 1802 555 1897 η’
575 1801 614 1877 ού
621 1833 630 1887 3
662 1801 755 1876 Πάνυ
772 1832 820 1898 γε,
849 1801 955 1900 φάναι
973 1803 1028 1877 τὸν
1044 1802 1229 1899 Ἀγάθωνα.
1267 1802 1397 1879 Ούκούν

244 1936 304 2007 καὶ
323 1930 346 2026 η
364 1931 474 2029 μήτηρ
491 1929 667 2034 ῶοαύτως;
697 1929 926 2026 Ὁμολογήσαι
942 1935 1003 2005 καὶ
1026 1938 1135 2006 τούτο.
1182 1932 1263 2004 Ἔτι
1281 1940 1421 2018 τοίνυν,ε

244 2066 343 2135 εἰπεῖν
363 2059 419 2133 τὸν
436 2058 623 2156 Σωκράτη,
650 2057 826 2154 ἀπόκριναι
849 2056 945 2158 όλίγῳ
971 2064 1086 2146 πλείω,
1115 2062 1169 2133 ίνα
1192 2064 1317 2154 μάλλον
1338 2089 1398 2134 κα·

243 2186 399 2282 ταμάθης
419 2187 435 2261 ὃ
457 2186 626 2289 βούλομαι.
680 2191 709 2258 εί
729 2186 794 2283 γάρ
814 2191 961 2284 ἐροίμην,
974 2255 976 2259 ,
989 2191 1031 2258 Τί
1047 2195 1098 2272 δές
1127 2185 1286 2285 άδελφός,
1314 2187 1398 2262 αὐτὸ

244 2314 330 2389 τοῦθ’
349 2316 425 2412 ’όπερ
442 2320 541 2402 ἐστιν,
560 2320 630 2387 ἐστι
644 2313 730 2400 τινός
746 2312 921 2412 [άδελφός]
937 2313 959 2407 η’
978 2313 1032 2399 ού;
1061 2313 1173 2389 Φάναι
1192 2314 1282 2389 είναι.
1310 2314 1398 2389 Ούκ-

245 2451 300 2518 οὖν
319 2441 462 2539 άδελφού
481 2442 503 2536 ἠ
522 2440 689 2539 άὸελφῆςς
723 2440 921 2537 Ὁμολογεῖν.
978 2448 1081 2540 [ίειρῶ
1101 2441 1163 2534 δή,
1190 2441 1313 2539 φάναι,
1340 2448 1399 2517 καὶ

245 2571 300 2645 τόν
313 2570 452 2667 Ἔρωτα
467 2574 575 2644 εἰπεῖν.
621 2567 762 2667 όἜρως
781 2574 858 2667 ἔρως
877 2572 964 2643 ἐστὶν
983 2568 1111 2658 ούδενός
1129 2569 1151 2665 ἦ
1171 2570 1274 2657 τινόςς
1302 2571 1397 2645 Πάνυ

230 2704 302 2795 ιμέν
330 2692 386 2772 ούν
413 2703 509 2771 ἐστιν.
563 2703 668 2771 Τοῶτο
696 2701 752 2791 μὲν
779 2702 904 2788 τοίνυν,
931 2703 1029 2772 εἰπεῖν
1051 2700 1106 2772 τόν
1126 2699 1311 2796 Σωκράτη,
1337 2699 1423 2798 φύε

246 2830 345 2918 λαξον
366 2826 459 2926 παρά
479 2834 592 2926 σαυτῷ
616 2824 849 2925 [μεμνημένος]
874 2825 968 2901 ότου·
996 2826 1127 2901 τοσόνδε
1142 2826 1169 2901 δ’
1190 2832 1277 2915 εἰπέ,
1305 2828 1397 2904 πότε-

248 2985 299 3054 ρον,
326 2955 471 3053 όἜρως
498 2958 636 3044 ἐκείνου,
670 2947 707 3028 ού
735 2960 821 3028 ἔστιν
847 2959 943 3052 ἔρως,
978 2960 1124 3049 ἐπιθυμεῖ
1142 2954 1266 3045 αύτού,
1291 2957 1314 3050 ἠ
1342 2957 1397 3043 ούς

248 3081 342 3158 Πάνυ
359 3111 414 3178 γε,
442 3081 555 3180 φάναι.
595 3081 734 3180 Πότερον
753 3088 831 3177 ἔχων
852 3081 953 3171 αύτό,
981 3077 1018 3157 οὗ
1036 3089 1181 3178 ἐπιθυμεῖ
1195 3113 1231 3158 τε
1246 3088 1307 3158 καὶ
1324 3090 1397 3185 ἐρηῖ,

248 3210 303 3285 εἶτ’
325 3217 471 3304 ἐπιθυμεῖ
488 3239 524 3283 τε
541 3214 600 3284 καὶ
618 3215 695 3309 ἐρηῖ,
721 3210 743 3304 ἠ
763 3209 824 3284 ούκ
842 3216 939 3306 ἐχων;
978 3209 1053 3285 Ούκ
1072 3217 1167 3307 ἔχων,
1194 3210 1237 3299 ῶς
1255 3212 1293 3286 τό
1313 3213 1398 3301 είκός

248 3366 300 3434 γε,
328 3337 440 3436 φάναι.
482 3337 607 3412 Σκόπει
621 3337 682 3434 δή,
710 3344 808 3412 εἰπεῖν
827 3337 881 3413 τόν
898 3339 1081 3437 Σωκράτη,
1094 3394 1097 3399 -
1109 3337 1186 3414 ἀντὶ
1200 3348 1258 3429 τού
1275 3339 1398 3429 εἰκότος
1451 3411 1453 3415 .

250 3471 276 3540 εί
293 3465 427 3562 ἀνάγκη
446 3467 548 3553 ούτω,
576 3465 613 3540 τὸ
631 3472 802 3561 ἐπιθυμοῦν
820 3471 980 3561 ἐπιθυμεῖν
1000 3460 1037 3541 ού
1061 3474 1162 3556 ἐνδεές
1180 3475 1284 3553 ἐστιν,
1311 3468 1398 3564 η’μη

249 3600 424 3689 ἐπιθυμεῖν,
452 3594 509 3668 ἐάν
534 3593 579 3689 μη
604 3598 706 3680 ἐνδεὲς
731 3587 764 3689 ᾗ.
819 3598 889 3690 ἐμοὶ
910 3599 967 3690 μὲν
989 3595 1054 3692 γάρ
1077 3601 1276 3692 θαυμαστῶς
1301 3605 1423 3688 δοκεῖν

249 3715 453 3818 ῶἈγάθων,
480 3721 524 3809 ῶς
542 3720 676 3816 άνάγκη
694 3721 792 3812 εἶναι,
819 3726 871 3796 σοὶ
887 3727 924 3796 δὲ
942 3730 1029 3809 πῶς;
1057 3722 1179 3819 Κάμοί,
1205 3724 1319 3821 φάναι,
1346 3733 1398 3799 δο-

676 3844 717 3876 Η

249 3862 306 3924 κεῖ
362 3856 480 3938 Καλῶς
502 3858 612 3945 λέγεις.
666 3879 708 3948 αρ
739 3843 793 3923 οὖν
819 3849 958 3944 βούλοιτ’
976 3849 1019 3930 οἷν
1038 3881 1087 3938 τις
1105 3859 1208 3947 μέγας
1230 3851 1272 3927 ῶν
1295 3860 1398 3948 μέγας

249 3977 346 4068 είναι,
372 3978 542 4074 ἦίοχυρός
561 3976 603 4051 ῶν
624 3977 771 4075 ίσχυρός;
797 3977 975 4053 Ἀδύνατον
994 3985 1032 4052 ἐκ
1050 3987 1113 4053 τῶν
1134 3978 1396 4075 ὡμολογημένων.

250 4104 297 4179 Ού
313 4106 378 4203 γάρ
397 4135 457 4180 που
473 4105 582 4199 ἐνδεὴς
596 4105 636 4178 άν
656 4110 706 4199 είη
726 4105 849 4180 τούτοιν
870 4107 886 4180 ό
902 4105 932 4202 γ’
952 4107 1005 4181 ῶν.
1056 4106 1182 4201 Ἀληθη
1200 4113 1312 4203 λέγεις.
1357 4114 1399 4182 Et

249 4234 310 4332 γάρ
326 4237 386 4307 καὶ
403 4234 532 4330 ἰσχυρός
547 4233 589 4306 ῶν
605 4233 752 4328 βούλοιτο
770 4233 899 4332 ἰσχυρός
916 4235 1008 4321 είναι,
1028 4234 1133 4333 φάναι
1147 4233 1203 4308 τόν
1218 4234 1397 4333 Σωκράτη,

249 4366 307 4437 καὶ
326 4361 430 4457 ταχύς
451 4362 492 4435 ῶν
511 4362 631 4457 ταχύς,
659 4367 718 4436 καὶ
736 4361 832 4456 ύγιής
853 4362 895 4435 ῶν
916 4362 1013 4458 ύγιης
1032 4406 1085 4419 -·
1110 4368 1189 4450 ίσως
1204 4361 1269 4460 γάρ
1287 4361 1330 4437 άν
1348 4392 1398 4451 τις

246 4489 342 4564 ταῦτ’
364 4494 484 4584 οίηθείη
506 4493 565 4564 καὶ
582 4488 695 4563 πάντα
713 4491 758 4564 τά
775 4499 935 4580 τοιαῦτα,
964 4490 1039 4578 τούς
1061 4492 1161 4578 όντας
1179 4520 1215 4565 τε
1232 4490 1399 4580 τοιούτους

245 4622 306 4693 καὶ
327 4624 462 4713 ἔχοντας
487 4626 599 4692 ταῦτα
627 4617 769 4705 τούτων,
797 4620 880 4717 ἅπερ
905 4626 1030 4714 ἔχουσι,
1057 4623 1118 4694 καὶ
1138 4624 1307 4715 ἐπιθυμεῖν.
1360 4619 1419 4693 ίνί·
1522 4718 1524 4725 y

242 4742 300 4821 ούν
325 4746 371 4840 μή
396 4749 669 4841 ἐξαπατηθῶμεν,
697 4746 815 4821 τούτου
843 4753 939 4821 ἕνεκα
964 4754 1058 4844 λέγω.
1112 4746 1238 4833 τούτοις
1262 4747 1346 4845 γάρ,
1372 4741 1397 4821 ῶ

236 4869 410 4972 Ἀγάθων,
437 4879 465 4947 εί
489 4880 620 4965 ἐννοεῖς,
648 4880 728 4970 ἐχειν
749 4880 804 4971 μὲν
826 4881 957 4951 ἕκαστα
982 4874 1103 4950 τούτων
1131 4881 1161 4949 ἐν
1188 4882 1233 4975 τῷ
1262 4872 1398 4972 παρόντι
