3850 5700
725 1524 808 1588 VIRO
828 1523 1037 1579 DOGTISSIMO

357 1715 656 1814 GUILELMO
715 1714 1040 1814 HEPWORTH
1094 1715 1400 1813 THOMPSON

514 1972 774 2070 GAROLUS
823 1974 1073 2070 BADHAM
1122 1974 1241 2072 SAL.

375 2460 478 2534 Quum
495 2485 607 2550 nuper,
622 2464 669 2530 mi
689 2463 899 2551 Thompsone‚
915 2462 1061 2529 Platonis
1082 2462 1204 2550 aliquot
1223 2463 1263 2528 de
1282 2462 1424 2550 Legibus

327 2572 425 2639 libros
447 2575 552 2641 denuo
573 2576 800 2656 tractavissem,
822 2574 1037 2663 vidissemque
1057 2574 1160 2641 multa
1180 2574 1228 2640 ibi
1252 2575 1330 2641 satis
1351 2598 1424 2662 pro·

328 2685 478 2751 habiliter
501 2688 621 2775 corrigi
641 2712 740 2774 posse,
763 2710 836 2775 quae
855 2692 950 2753 antea
971 2686 1069 2751 nimis
1090 2685 1186 2752 celeri
1208 2674 1427 2773 desperatione

329 2803 483 2885 tanquam
498 2800 669 2868 insanabili
687 2802 798 2869 morbo
818 2800 932 2868 affecta
950 2799 1179 2888 praeterieram,
1198 2801 1369 2888 extemplo,
1387 2808 1426 2868 ut
1468 2809 1470 2819 '

328 2912 377 2990 fit,
400 2936 524 2980 mecum
557 2915 682 3001 agitare
710 2915 801 3000 coepi,
826 2913 984 3001 quomodo
1012 2912 1209 3000 conjecturas
1237 2937 1324 2980 meas
1352 2937 1427 2980 cum

329 3024 439 3109 paucis
458 3024 524 3092 illis
542 3026 817 3106 communicarem,
833 3025 948 3114 quibus
967 3024 1069 3092 oratio
1087 3024 1232 3091 Platonis
1248 3026 1428 3093 abarbsrie

330 3140 364 3199 ct
392 3136 535 3203 sordibus
563 3144 749 3225 recuperata
776 3136 899 3224 aliquid
928 3135 1142 3225 jucunditatis
1169 3135 1307 3202 allatura
1335 3144 1426 3203 esset.

330 3245 472 3314 Tandem
490 3249 568 3330 haec,
583 3251 863 3338 quantulacunque
883 3248 957 3329 sint,
974 3248 1104 3315 seorsim
1122 3248 1257 3336 vulgare
1277 3249 1429 3316 constitui

330 3365 363 3424 et
376 3360 419 3424 ad
432 3367 465 3426 te
478 3361 616 3440 mittere,
626 3368 738 3449 utpote
751 3361 793 3427 ad
802 3359 944 3449 judicem
958 3359 1098 3443 maxime
1111 3360 1263 3426 idoneum
1276 3363 1427 3427 eumdem-

329 3494 391 3557 que
410 3471 634 3558 aequissimum
680 3472 760 3546 Quis
776 3471 863 3538 enim
881 3470 997 3536 melius
1009 3470 1166 3557 intelligit
1179 3477 1213 3536 et
1226 3495 1323 3558 quam
1337 3496 1427 3538 men-

329 3582 398 3648 dosi
413 3582 478 3648 sint
490 3583 541 3649 illi
554 3583 638 3663 libri,
648 3590 683 3650 et
697 3606 793 3672 quam
807 3583 900 3670 digni
913 3589 1023 3648 tamen
1037 3582 1094 3669 qui
1107 3581 1284 3670 legantur?
1318 3582 1429 3671 Atque
1455 3672 1457 3676 ι

330 3695 454 3760 utinam
474 3695 603 3784 quidem
621 3696 729 3785 aliquo
750 3696 844 3762 modo
864 3694 926 3761 tibi
947 3695 1136 3781 persuadere
1155 3718 1280 3782 possem
1301 3703 1339 3761 ut
1359 3696 1429 3783 ipse

330 3813 364 3872 te
375 3806 452 3874 huic
465 3807 554 3894 operi
568 3808 758 3896 accingeres,
775 3814 808 3873 et
826 3813 902 3873 nota
919 3806 977 3872 illa
993 3812 1050 3872 tua
1069 3806 1215 3873 doctrina
1231 3808 1267 3874 in
1285 3807 1428 3895 Legibus

331 3918 530 3984 recensendis
557 3925 703 3997 uterere3
736 3924 807 3982 tum
831 3915 917 3982 enim
939 3939 1005 3981 non
1031 3916 1125 3982 modo
1149 3916 1233 3982 illud
1260 3924 1428 4004 appareret

330 4029 415 4115 quod
433 4030 500 4096 fere
520 4030 667 4096 omnibus
687 4035 802 4095 notum
822 4033 879 4107 est,
894 4027 1104 4114 philosophiae
1122 4034 1156 4094 et
1175 4028 1327 4094 orationis
1349 4028 1424 4094 Pla·
1490 4082 1493 4088 .

329 4141 443 4208 tonicae
456 4141 684 4229 peritissimum
700 4148 734 4207 te
748 4163 824 4220 esse,
839 4138 1063 4208 verumetiam
1077 4139 1160 4204 illud
1179 4141 1265 4226 quod
1281 4162 1340 4225 pro
1356 4163 1426 4206 mo·

328 4252 430 4318 destia
446 4259 504 4318 tua
517 4252 615 4340 vulgo
634 4253 798 4319 estendere
819 4249 960 4328 noluisti,
976 4249 1186 4337 conjectorem
1204 4256 1238 4315 te
1251 4271 1318 4316 esse
1336 4273 1428 4338 posse

327 4362 555 4432 felicissimum.
598 4365 735 4431 Memini
757 4386 858 4451 quum
879 4361 990 4450 paucis
1011 4368 1084 4449 post
1108 4360 1281 4428 Philebum
1303 4362 1426 4430 editum

330 4475 441 4559 diebus
461 4475 571 4542 literas
592 4481 664 4541 tuas
687 4474 884 4562 accepissem,
905 4497 1002 4561 quam
1025 4471 1168 4559 graviter
1184 4471 1319 4539 tulerim
1343 4475 1430 4561 quod

329 4587 557 4654 correctionem
586 4588 749 4675 quandam
775 4595 865 4653 tuam
893 4608 959 4652 non
988 4589 1139 4672 oppertus
1167 4607 1277 4651 essem.
1331 4585 1429 4652 Hanc

330 4697 491 4783 quoniam,
515 4697 597 4767 sicut
626 4698 744 4766 multas
769 4697 848 4765 alias
873 4703 966 4764 acute
990 4701 1142 4784 repertas,
1165 4719 1332 4785 nunquam
1357 4695 1428 4764 vul·

1286 4835 1299 4880 1
