<?xml version="1.0" encoding="UTF-8"?>
<!DOCTYPE html PUBLIC "-//W3C//DTD XHTML 1.0 Transitional//EN"
    "http://www.w3.org/TR/xhtml1/DTD/xhtml1-transitional.dtd">
<html xmlns="http://www.w3.org/1999/xhtml" xml:lang="en" lang="en">
 <head>
  <title>
</title>
<meta http-equiv="Content-Type" content="text/html;charset=utf-8" />
  <meta name='ocr-system' content='tesseract 3.04.00' />
  <meta name='ocr-capabilities' content='ocr_page ocr_carea ocr_par ocr_line ocrx_word'/>
</head>
<body>
  <div class='ocr_page' id='page_1' title='image "./platonisconvivi00platgoog_0078.png"; bbox 0 0 3850 5700; ppageno 0'>
   <div class='ocr_carea' id='block_1_1' title="bbox 390 773 1070 847">
    <p class='ocr_par' dir='ltr' id='par_1_1' title="bbox 390 773 1070 847">
     <span class='ocr_line' id='line_1_1' title="bbox 390 773 1070 847; baseline -0.003 -16"><span class='ocrx_word' id='word_1_1' title='bbox 390 779 433 847; x_wconf 78' lang='lat'>22</span> <span class='ocrx_word' id='word_1_2' title='bbox 865 773 1070 831; x_wconf 71' lang='grc' dir='ltr'>αιιτονοκ</span> 
     </span>
    </p>
   </div>
   <div class='ocr_carea' id='block_1_2' title="bbox 344 913 1586 4212">
    <p class='ocr_par' dir='ltr' id='par_1_2' title="bbox 390 913 1552 1013">
     <span class='ocr_line' id='line_1_2' title="bbox 390 913 1552 1013; baseline -0.006 -20"><span class='ocrx_word' id='word_1_3' title='bbox 390 918 489 993; x_wconf 73' lang='grc' dir='ltr'>ταῦτ’</span> <span class='ocrx_word' id='word_1_4' title='bbox 513 918 608 1004; x_wconf 79' lang='grc' dir='ltr'>ἐκτὸς</span> <span class='ocrx_word' id='word_1_5' title='bbox 630 916 730 1013; x_wconf 85' lang='grc' dir='ltr'>είχον,</span> <span class='ocrx_word' id='word_1_6' title='bbox 756 919 817 989; x_wconf 86' lang='grc' dir='ltr'>καὶ</span> <span class='ocrx_word' id='word_1_7' title='bbox 834 922 966 1010; x_wconf 80' lang='grc' dir='ltr'>ἐγέννων</span> <span class='ocrx_word' id='word_1_8' title='bbox 985 919 1045 989; x_wconf 86' lang='grc' dir='ltr'>καὶ</span> <span class='ocrx_word' id='word_1_9' title='bbox 1065 921 1190 990; x_wconf 79' lang='grc' dir='ltr'>ἔτικτον</span> <span class='ocrx_word' id='word_1_10' title='bbox 1210 913 1273 989; x_wconf 90' lang='grc' dir='ltr'>ούκ</span> <span class='ocrx_word' id='word_1_11' title='bbox 1297 918 1343 1002; x_wconf 80' lang='grc' dir='ltr'>είς</span> <span class='ocrx_word' id='word_1_12' title='bbox 1369 913 1552 1010; x_wconf 79' lang='grc' dir='ltr'>ἀλλήλους,</span> 
     </span>
    </p>

    <p class='ocr_par' dir='ltr' id='par_1_3' title="bbox 391 1037 1574 1271">
     <span class='ocr_line' id='line_1_3' title="bbox 391 1037 1574 1142; baseline -0.006 -20"><span class='ocrx_word' id='word_1_13' title='bbox 391 1045 464 1122; x_wconf 89' lang='grc' dir='ltr'>ἀλλ’</span> <span class='ocrx_word' id='word_1_14' title='bbox 485 1052 530 1133; x_wconf 85' lang='grc' dir='ltr'>είς</span> <span class='ocrx_word' id='word_1_15' title='bbox 546 1053 626 1141; x_wconf 74' lang='grc' dir='ltr'>γῆν,</span> <span class='ocrx_word' id='word_1_16' title='bbox 653 1045 761 1142; x_wconf 86' lang='grc' dir='ltr'>ῶσπερ</span> <span class='ocrx_word' id='word_1_17' title='bbox 782 1048 811 1117; x_wconf 86' lang='grc' dir='ltr'>οἱ</span> <span class='ocrx_word' id='word_1_18' title='bbox 828 1051 983 1138; x_wconf 80' lang='grc' dir='ltr'><strong>τέττιγες.</strong></span> <span class='ocrx_word' id='word_1_19' title='bbox 1034 1049 1190 1137; x_wconf 84' lang='grc' dir='ltr'>μετέθηκέ</span> <span class='ocrx_word' id='word_1_20' title='bbox 1207 1042 1234 1116; x_wconf 89' lang='grc' dir='ltr'>τ’</span> <span class='ocrx_word' id='word_1_21' title='bbox 1255 1037 1309 1117; x_wconf 91' lang='grc' dir='ltr'>ούν</span> <span class='ocrx_word' id='word_1_22' title='bbox 1329 1043 1438 1129; x_wconf 88' lang='grc' dir='ltr'>ούτως</span> <span class='ocrx_word' id='word_1_23' title='bbox 1458 1038 1574 1116; x_wconf 73' lang='grc' dir='ltr'>αύτοὶν</span> 
     </span>
     <span class='ocr_line' id='line_1_4' title="bbox 391 1169 1551 1271; baseline -0.004 -23"><span class='ocrx_word' id='word_1_24' title='bbox 391 1179 437 1261; x_wconf 89' lang='grc' dir='ltr'>είς</span> <span class='ocrx_word' id='word_1_25' title='bbox 453 1174 491 1248; x_wconf 82' lang='grc' dir='ltr'>τὸ</span> <span class='ocrx_word' id='word_1_26' title='bbox 510 1173 626 1271; x_wconf 77' lang='grc' dir='ltr'>πρόσθε</span> <span class='ocrx_word' id='word_1_27' title='bbox 643 1176 703 1246; x_wconf 88' lang='grc' dir='ltr'>καὶ</span> <span class='ocrx_word' id='word_1_28' title='bbox 718 1172 775 1246; x_wconf 83' lang='grc' dir='ltr'>διὰ</span> <span class='ocrx_word' id='word_1_29' title='bbox 793 1170 918 1246; x_wconf 89' lang='grc' dir='ltr'>τούτων</span> <span class='ocrx_word' id='word_1_30' title='bbox 941 1172 1002 1266; x_wconf 79' lang='grc' dir='ltr'>τήν</span> <span class='ocrx_word' id='word_1_31' title='bbox 1026 1179 1147 1267; x_wconf 87' lang='grc' dir='ltr'>γένεσιν</span> <span class='ocrx_word' id='word_1_32' title='bbox 1171 1176 1203 1244; x_wconf 88' lang='grc' dir='ltr'>ἐν</span> <span class='ocrx_word' id='word_1_33' title='bbox 1224 1169 1381 1266; x_wconf 74' lang='grc' dir='ltr'>ἀλλήλοις</span> <span class='ocrx_word' id='word_1_34' title='bbox 1404 1174 1551 1265; x_wconf 86' lang='grc' dir='ltr'>ἐποίησε,</span> 
     </span>
    </p>

    <p class='ocr_par' dir='ltr' id='par_1_4' title="bbox 391 1298 1552 1400">
     <span class='ocr_line' id='line_1_5' title="bbox 391 1298 1552 1400; baseline -0.003 -24"><span class='ocrx_word' id='word_1_35' title='bbox 391 1302 450 1376; x_wconf 86' lang='grc' dir='ltr'>διά</span> <span class='ocrx_word' id='word_1_36' title='bbox 468 1307 527 1375; x_wconf 83' lang='grc' dir='ltr'>τού</span> <span class='ocrx_word' id='word_1_37' title='bbox 550 1300 682 1398; x_wconf 86' lang='grc' dir='ltr'>ἄρρενος</span> <span class='ocrx_word' id='word_1_38' title='bbox 698 1306 730 1373; x_wconf 91' lang='grc' dir='ltr'>ἐν</span> <span class='ocrx_word' id='word_1_39' title='bbox 749 1305 796 1400; x_wconf 77' lang='grc' dir='ltr'>τῶ</span> <span class='ocrx_word' id='word_1_40' title='bbox 813 1298 919 1393; x_wconf 81' lang='grc' dir='ltr'><strong>θήλει,</strong></span> <span class='ocrx_word' id='word_1_41' title='bbox 945 1298 1039 1374; x_wconf 89' lang='grc' dir='ltr'>τῶνδ’</span> <span class='ocrx_word' id='word_1_42' title='bbox 1057 1304 1170 1381; x_wconf 82' lang='grc' dir='ltr'>ἕνεκα,</span> <span class='ocrx_word' id='word_1_43' title='bbox 1197 1298 1233 1372; x_wconf 73' lang='grc' dir='ltr'>ἄν’</span> <span class='ocrx_word' id='word_1_44' title='bbox 1253 1304 1284 1372; x_wconf 91' lang='grc' dir='ltr'>ἐν</span> <span class='ocrx_word' id='word_1_45' title='bbox 1304 1305 1349 1393; x_wconf 71' lang='grc' dir='ltr'>τῇ</span> <span class='ocrx_word' id='word_1_46' title='bbox 1368 1303 1552 1393; x_wconf 74' lang='grc' dir='ltr'><strong>συμπλοκῇ</strong></span> 
     </span>
    </p>

    <p class='ocr_par' dir='ltr' id='par_1_5' title="bbox 394 1425 1552 1527">
     <span class='ocr_line' id='line_1_6' title="bbox 394 1425 1552 1527; baseline -0.002 -24"><span class='ocrx_word' id='word_1_47' title='bbox 394 1431 468 1523; x_wconf 87' lang='grc' dir='ltr'>ἅμα</span> <span class='ocrx_word' id='word_1_48' title='bbox 485 1433 541 1524; x_wconf 86' lang='grc' dir='ltr'>μὲν</span> <span class='ocrx_word' id='word_1_49' title='bbox 557 1434 585 1501; x_wconf 85' lang='grc' dir='ltr'>εί</span> <span class='ocrx_word' id='word_1_50' title='bbox 603 1426 686 1526; x_wconf 77' lang='grc' dir='ltr'>ἀνὴρ</span> <span class='ocrx_word' id='word_1_51' title='bbox 703 1431 837 1523; x_wconf 85' lang='grc' dir='ltr'>γυναικὶ</span> <span class='ocrx_word' id='word_1_52' title='bbox 854 1426 990 1524; x_wconf 78' lang='grc' dir='ltr'>ἐντύχοι,</span> <span class='ocrx_word' id='word_1_53' title='bbox 1010 1435 1142 1527; x_wconf 75' lang='grc' dir='ltr'>γεννῴεν</span> <span class='ocrx_word' id='word_1_54' title='bbox 1158 1430 1219 1500; x_wconf 83' lang='grc' dir='ltr'>καὶ</span> <span class='ocrx_word' id='word_1_55' title='bbox 1235 1430 1375 1522; x_wconf 86' lang='grc' dir='ltr'>γίγνοιτο</span> <span class='ocrx_word' id='word_1_56' title='bbox 1391 1425 1430 1500; x_wconf 87' lang='grc' dir='ltr'>τὸ</span> <span class='ocrx_word' id='word_1_57' title='bbox 1448 1433 1552 1522; x_wconf 88' lang='grc' dir='ltr'>γένος,</span> 
     </span>
    </p>

    <p class='ocr_par' dir='ltr' id='par_1_6' title="bbox 394 1554 1553 1654">
     <span class='ocr_line' id='line_1_7' title="bbox 394 1554 1553 1654; baseline -0.002 -23"><span class='ocrx_word' id='word_1_58' title='bbox 394 1559 468 1654; x_wconf 87' lang='grc' dir='ltr'>ἄμα</span> <span class='ocrx_word' id='word_1_59' title='bbox 483 1556 512 1631; x_wconf 86' lang='grc' dir='ltr'>δ’</span> <span class='ocrx_word' id='word_1_60' title='bbox 530 1562 558 1630; x_wconf 84' lang='grc' dir='ltr'>εί</span> <span class='ocrx_word' id='word_1_61' title='bbox 573 1561 633 1630; x_wconf 89' lang='grc' dir='ltr'>καὶ</span> <span class='ocrx_word' id='word_1_62' title='bbox 653 1556 749 1654; x_wconf 88' lang='grc' dir='ltr'>ἄρρεν</span> <span class='ocrx_word' id='word_1_63' title='bbox 764 1556 889 1653; x_wconf 88' lang='grc' dir='ltr'>ἄρρενι,</span> <span class='ocrx_word' id='word_1_64' title='bbox 916 1554 1089 1650; x_wconf 75' lang='grc' dir='ltr'>πλησμονὴ</span> <span class='ocrx_word' id='word_1_65' title='bbox 1107 1563 1183 1649; x_wconf 87' lang='grc' dir='ltr'>γούν</span> <span class='ocrx_word' id='word_1_66' title='bbox 1200 1558 1340 1650; x_wconf 91' lang='grc' dir='ltr'>γίγνοιτο</span> <span class='ocrx_word' id='word_1_67' title='bbox 1355 1562 1418 1649; x_wconf 82' lang='grc' dir='ltr'>τῆς</span> <span class='ocrx_word' id='word_1_68' title='bbox 1436 1582 1553 1629; x_wconf 88' lang='grc' dir='ltr'>συνου-</span> 
     </span>
    </p>

    <p class='ocr_par' dir='ltr' id='par_1_7' title="bbox 393 1676 1586 1909">
     <span class='ocr_line' id='line_1_8' title="bbox 393 1676 1586 1781; baseline -0.003 -21"><span class='ocrx_word' id='word_1_69' title='bbox 393 1690 470 1772; x_wconf 89' lang='grc' dir='ltr'>σίας</span> <span class='ocrx_word' id='word_1_70' title='bbox 487 1688 547 1759; x_wconf 85' lang='grc' dir='ltr'>καὶ</span> <span class='ocrx_word' id='word_1_71' title='bbox 562 1684 776 1759; x_wconf 88' lang='grc' dir='ltr'>διαπαύοιντο</span> <span class='ocrx_word' id='word_1_72' title='bbox 793 1688 852 1758; x_wconf 90' lang='grc' dir='ltr'>καὶ</span> <span class='ocrx_word' id='word_1_73' title='bbox 870 1687 923 1757; x_wconf 85' lang='grc' dir='ltr'>ἐπὶ</span> <span class='ocrx_word' id='word_1_74' title='bbox 940 1683 986 1757; x_wconf 89' lang='grc' dir='ltr'>τά</span> <span class='ocrx_word' id='word_1_75' title='bbox 1007 1688 1087 1780; x_wconf 80' lang='grc' dir='ltr'>ἔργα</span> <span class='ocrx_word' id='word_1_76' title='bbox 1105 1689 1270 1781; x_wconf 79' lang='grc' dir='ltr'>τρέποιντο</span> <span class='ocrx_word' id='word_1_77' title='bbox 1286 1685 1420 1756; x_wconf 77' lang='grc' dir='ltr'>καὶτοῦ</span> <span class='ocrx_word' id='word_1_78' title='bbox 1445 1682 1554 1757; x_wconf 88' lang='grc' dir='ltr'>ἄλλον</span> <span class='ocrx_word' id='word_1_79' title='bbox 1582 1676 1586 1686; x_wconf 72' lang='grc'><strong>’</strong></span> 
     </span>
     <span class='ocr_line' id='line_1_9' title="bbox 395 1806 1555 1909; baseline -0.003 -22"><span class='ocrx_word' id='word_1_80' title='bbox 395 1818 465 1909; x_wconf 87' lang='grc' dir='ltr'>βίου</span> <span class='ocrx_word' id='word_1_81' title='bbox 484 1818 694 1908; x_wconf 78' lang='grc' dir='ltr'>ἐπιμελοῖντο.</span> <span class='ocrx_word' id='word_1_82' title='bbox 740 1811 843 1886; x_wconf 84' lang='grc' dir='ltr'>Ἔστι</span> <span class='ocrx_word' id='word_1_83' title='bbox 861 1809 890 1885; x_wconf 87' lang='grc' dir='ltr'>δ’</span> <span class='ocrx_word' id='word_1_84' title='bbox 909 1806 965 1887; x_wconf 87' lang='grc' dir='ltr'>ούν</span> <span class='ocrx_word' id='word_1_85' title='bbox 982 1816 1020 1883; x_wconf 89' lang='grc' dir='ltr'>ἐκ</span> <span class='ocrx_word' id='word_1_86' title='bbox 1038 1809 1135 1885; x_wconf 82' lang='grc' dir='ltr'>τὸσου</span> <span class='ocrx_word' id='word_1_87' title='bbox 1153 1808 1169 1884; x_wconf 85' lang='grc' dir='ltr'>ὅ</span> <span class='ocrx_word' id='word_1_88' title='bbox 1188 1816 1266 1908; x_wconf 80' lang='grc' dir='ltr'>ἔρως</span> <span class='ocrx_word' id='word_1_89' title='bbox 1283 1816 1428 1907; x_wconf 78' lang='grc' dir='ltr'>ἔμφυτος</span> <span class='ocrx_word' id='word_1_90' title='bbox 1446 1808 1555 1903; x_wconf 79' lang='grc' dir='ltr'>ἀλλή-</span> 
     </span>
    </p>

    <p class='ocr_par' dir='ltr' id='par_1_8' title="bbox 394 1935 1580 2165">
     <span class='ocr_line' id='line_1_10' title="bbox 394 1935 1580 2036; baseline -0.003 -22"><span class='ocrx_word' id='word_1_91' title='bbox 394 1948 457 2015; x_wconf 95' lang='grc' dir='ltr'>λων</span> <span class='ocrx_word' id='word_1_92' title='bbox 479 1949 546 2026; x_wconf 87' lang='grc' dir='ltr'>τοίς</span> <span class='ocrx_word' id='word_1_93' title='bbox 571 1938 748 2036; x_wconf 84' lang='grc' dir='ltr'>ἀνθρῶποις</span> <span class='ocrx_word' id='word_1_94' title='bbox 774 1943 914 2033; x_wconf 79' lang='grc' dir='ltr'>καὶτῆς</span> <span class='ocrx_word' id='word_1_95' title='bbox 938 1936 1081 2035; x_wconf 76' lang='grc' dir='ltr'>ἀρχαίας</span> <span class='ocrx_word' id='word_1_96' title='bbox 1102 1935 1230 2034; x_wconf 81' lang='grc' dir='ltr'>φύσεως</span> <span class='ocrx_word' id='word_1_97' title='bbox 1251 1937 1469 2032; x_wconf 71' lang='grc' dir='ltr'>συναγωγούς</span> <span class='ocrx_word' id='word_1_98' title='bbox 1495 1941 1580 2011; x_wconf 70' lang='grc' dir='ltr'>καί(1</span> 
     </span>
     <span class='ocr_line' id='line_1_11' title="bbox 396 2062 1556 2165; baseline -0.006 -21"><span class='ocrx_word' id='word_1_99' title='bbox 396 2073 560 2165; x_wconf 77' lang='grc' dir='ltr'>ἐπιχειρῶν</span> <span class='ocrx_word' id='word_1_100' title='bbox 589 2075 728 2160; x_wconf 84' lang='grc' dir='ltr'>ποιῆσαι</span> <span class='ocrx_word' id='word_1_101' title='bbox 760 2073 792 2141; x_wconf 82' lang='grc' dir='ltr'>ἓν</span> <span class='ocrx_word' id='word_1_102' title='bbox 819 2072 858 2139; x_wconf 89' lang='grc' dir='ltr'>ἐκ</span> <span class='ocrx_word' id='word_1_103' title='bbox 883 2074 973 2139; x_wconf 81' lang='grc' dir='ltr'>δυοῖν</span> <span class='ocrx_word' id='word_1_104' title='bbox 999 2069 1059 2139; x_wconf 83' lang='grc' dir='ltr'>καὶ</span> <span class='ocrx_word' id='word_1_105' title='bbox 1092 2064 1251 2139; x_wconf 78' lang='grc' dir='ltr'>ἰάσασθαι</span> <span class='ocrx_word' id='word_1_106' title='bbox 1276 2064 1336 2155; x_wconf 75' lang='grc' dir='ltr'>τὴν</span> <span class='ocrx_word' id='word_1_107' title='bbox 1363 2062 1467 2161; x_wconf 85' lang='grc' dir='ltr'>φύσιν</span> <span class='ocrx_word' id='word_1_108' title='bbox 1494 2066 1556 2159; x_wconf 80' lang='grc' dir='ltr'>τήν</span> 
     </span>
    </p>

    <p class='ocr_par' dir='ltr' id='par_1_9' title="bbox 397 2195 606 2293">
     <span class='ocr_line' id='line_1_12' title="bbox 397 2195 606 2293; baseline 0.01 -24"><span class='ocrx_word' id='word_1_109' title='bbox 397 2195 606 2293; x_wconf 80' lang='grc' dir='ltr'>ἀνθρωπίνην.</span> 
     </span>
    </p>

    <p class='ocr_par' dir='ltr' id='par_1_10' title="bbox 394 2316 1583 3828">
     <span class='ocr_line' id='line_1_13' title="bbox 474 2316 1559 2419; baseline -0.002 -20"><span class='ocrx_word' id='word_1_110' title='bbox 474 2325 569 2400; x_wconf 90' lang='lat' dir='ltr'>XVl.</span> <span class='ocrx_word' id='word_1_111' title='bbox 616 2324 791 2411; x_wconf 84' lang='grc' dir='ltr'>Ἕκαστος</span> <span class='ocrx_word' id='word_1_112' title='bbox 807 2316 862 2397; x_wconf 87' lang='grc' dir='ltr'>ούν</span> <span class='ocrx_word' id='word_1_113' title='bbox 877 2321 969 2417; x_wconf 77' lang='grc' dir='ltr'>ἡμῶν</span> <span class='ocrx_word' id='word_1_114' title='bbox 991 2328 1077 2396; x_wconf 91' lang='grc' dir='ltr'>ἐστιν</span> <span class='ocrx_word' id='word_1_115' title='bbox 1096 2320 1264 2419; x_wconf 79' lang='grc' dir='ltr'>ἀνθρώπου</span> <span class='ocrx_word' id='word_1_116' title='bbox 1283 2318 1468 2416; x_wconf 76' lang='grc' dir='ltr'>ξύμβολον,</span> <span class='ocrx_word' id='word_1_117' title='bbox 1497 2323 1559 2397; x_wconf 85' lang='grc' dir='ltr'>ἄτε</span> 
     </span>
     <span class='ocr_line' id='line_1_14' title="bbox 397 2448 1559 2548; baseline 0.001 -23"><span class='ocrx_word' id='word_1_118' title='bbox 397 2459 614 2546; x_wconf 85' lang='grc' dir='ltr'>τετμημένος,</span> <span class='ocrx_word' id='word_1_119' title='bbox 641 2452 748 2548; x_wconf 85' lang='grc' dir='ltr'>ῶσπερ</span> <span class='ocrx_word' id='word_1_120' title='bbox 768 2456 805 2524; x_wconf 81' lang='grc' dir='ltr'>αἱ</span> <span class='ocrx_word' id='word_1_121' title='bbox 824 2454 971 2548; x_wconf 76' lang='grc' dir='ltr'>ψῆτται,</span> <span class='ocrx_word' id='word_1_122' title='bbox 999 2452 1033 2538; x_wconf 81' lang='grc' dir='ltr'>ἐξ</span> <span class='ocrx_word' id='word_1_123' title='bbox 1052 2448 1120 2536; x_wconf 77' lang='grc' dir='ltr'>ἐνὸς</span> <span class='ocrx_word' id='word_1_124' title='bbox 1141 2448 1212 2522; x_wconf 89' lang='grc' dir='ltr'>δύο.</span> <span class='ocrx_word' id='word_1_125' title='bbox 1266 2457 1358 2543; x_wconf 83' lang='grc' dir='ltr'>ζητεῖ</span> <span class='ocrx_word' id='word_1_126' title='bbox 1371 2450 1414 2542; x_wconf 77' lang='grc' dir='ltr'>δὴ</span> <span class='ocrx_word' id='word_1_127' title='bbox 1434 2448 1494 2526; x_wconf 81' lang='grc' dir='ltr'>ἀεί</span> <span class='ocrx_word' id='word_1_128' title='bbox 1519 2451 1559 2525; x_wconf 84' lang='grc' dir='ltr'>τὸ</span> 
     </span>
     <span class='ocr_line' id='line_1_15' title="bbox 398 2572 1559 2674; baseline 0 -21"><span class='ocrx_word' id='word_1_129' title='bbox 398 2577 502 2653; x_wconf 86' lang='grc' dir='ltr'>αύτού</span> <span class='ocrx_word' id='word_1_130' title='bbox 522 2584 663 2665; x_wconf 81' lang='grc' dir='ltr'>ἕκαστος</span> <span class='ocrx_word' id='word_1_131' title='bbox 684 2577 849 2673; x_wconf 82' lang='grc' dir='ltr'>ξύμβολον.</span> <span class='ocrx_word' id='word_1_132' title='bbox 904 2578 974 2651; x_wconf 92' lang='grc' dir='ltr'>ὅσοι</span> <span class='ocrx_word' id='word_1_133' title='bbox 991 2582 1047 2672; x_wconf 83' lang='grc' dir='ltr'>μὲν</span> <span class='ocrx_word' id='word_1_134' title='bbox 1065 2572 1119 2649; x_wconf 88' lang='grc' dir='ltr'>ούν</span> <span class='ocrx_word' id='word_1_135' title='bbox 1138 2584 1202 2651; x_wconf 91' lang='grc' dir='ltr'>τῶν</span> <span class='ocrx_word' id='word_1_136' title='bbox 1219 2575 1343 2674; x_wconf 89' lang='grc' dir='ltr'>ἀνδρῶν</span> <span class='ocrx_word' id='word_1_137' title='bbox 1361 2584 1424 2650; x_wconf 82' lang='grc' dir='ltr'>τού</span> <span class='ocrx_word' id='word_1_138' title='bbox 1446 2588 1559 2653; x_wconf 86' lang='grc' dir='ltr'>κοινού</span> 
     </span>
     <span class='ocr_line' id='line_1_16' title="bbox 398 2703 1558 2803; baseline 0.002 -24"><span class='ocrx_word' id='word_1_139' title='bbox 398 2705 518 2800; x_wconf 75' lang='grc' dir='ltr'>τμήμοί</span> <span class='ocrx_word' id='word_1_140' title='bbox 542 2710 639 2795; x_wconf 77' lang='grc' dir='ltr'>εἰσιν,</span> <span class='ocrx_word' id='word_1_141' title='bbox 667 2704 746 2800; x_wconf 77' lang='grc' dir='ltr'>ὃδὴ</span> <span class='ocrx_word' id='word_1_142' title='bbox 769 2703 836 2778; x_wconf 84' lang='grc' dir='ltr'>τύτ’</span> <span class='ocrx_word' id='word_1_143' title='bbox 856 2705 1049 2803; x_wconf 72' lang='grc' dir='ltr'>ἀνδρόγυνον</span> <span class='ocrx_word' id='word_1_144' title='bbox 1074 2712 1240 2794; x_wconf 81' lang='grc' dir='ltr'>ἐκαλεῖτο,</span> <span class='ocrx_word' id='word_1_145' title='bbox 1267 2704 1504 2802; x_wconf 77' lang='grc' dir='ltr'>φιλογύναικές</span> <span class='ocrx_word' id='word_1_146' title='bbox 1530 2706 1558 2781; x_wconf 91' lang='grc' dir='ltr'>τ’</span> 
     </span>
     <span class='ocr_line' id='line_1_17' title="bbox 399 2832 1561 2930; baseline 0.001 -21"><span class='ocrx_word' id='word_1_147' title='bbox 399 2837 462 2909; x_wconf 83' lang='grc' dir='ltr'>είσὶ</span> <span class='ocrx_word' id='word_1_148' title='bbox 483 2836 543 2907; x_wconf 88' lang='grc' dir='ltr'>καὶ</span> <span class='ocrx_word' id='word_1_149' title='bbox 568 2837 596 2907; x_wconf 84' lang='grc' dir='ltr'>οἱ</span> <span class='ocrx_word' id='word_1_150' title='bbox 617 2837 730 2908; x_wconf 84' lang='grc' dir='ltr'>πολλοὶ</span> <span class='ocrx_word' id='word_1_151' title='bbox 753 2838 817 2914; x_wconf 82' lang='grc' dir='ltr'>τῶν</span> <span class='ocrx_word' id='word_1_152' title='bbox 840 2839 957 2929; x_wconf 88' lang='grc' dir='ltr'>μοιχῶν</span> <span class='ocrx_word' id='word_1_153' title='bbox 983 2839 1021 2908; x_wconf 90' lang='grc' dir='ltr'>ἐκ</span> <span class='ocrx_word' id='word_1_154' title='bbox 1042 2832 1163 2908; x_wconf 89' lang='grc' dir='ltr'>τούτου</span> <span class='ocrx_word' id='word_1_155' title='bbox 1181 2839 1367 2928; x_wconf 80' lang='grc' dir='ltr'>τοῦγένους</span> <span class='ocrx_word' id='word_1_156' title='bbox 1386 2833 1561 2930; x_wconf 80' lang='grc' dir='ltr'>γεγόνασι,</span> 
     </span>
     <span class='ocr_line' id='line_1_18' title="bbox 399 2956 1583 3060; baseline 0.001 -23"><span class='ocrx_word' id='word_1_157' title='bbox 399 2966 458 3037; x_wconf 87' lang='grc' dir='ltr'>καὶ</span> <span class='ocrx_word' id='word_1_158' title='bbox 475 2963 552 3036; x_wconf 89' lang='grc' dir='ltr'>ὅσαι</span> <span class='ocrx_word' id='word_1_159' title='bbox 572 2956 617 3037; x_wconf 84' lang='grc' dir='ltr'>αύ</span> <span class='ocrx_word' id='word_1_160' title='bbox 635 2973 789 3059; x_wconf 79' lang='grc' dir='ltr'>γυναῖκες</span> <span class='ocrx_word' id='word_1_161' title='bbox 805 2965 976 3060; x_wconf 84' lang='grc' dir='ltr'>φίλανδροί</span> <span class='ocrx_word' id='word_1_162' title='bbox 996 2991 1033 3036; x_wconf 90' lang='grc' dir='ltr'>τε</span> <span class='ocrx_word' id='word_1_163' title='bbox 1052 2965 1113 3035; x_wconf 84' lang='grc' dir='ltr'>καὶ</span> <span class='ocrx_word' id='word_1_164' title='bbox 1132 2960 1331 3058; x_wconf 89' lang='grc' dir='ltr'>μοιχεύτριαι</span> <span class='ocrx_word' id='word_1_165' title='bbox 1357 2961 1413 3060; x_wconf 90' lang='grc' dir='ltr'>[ἐκ</span> <span class='ocrx_word' id='word_1_166' title='bbox 1436 2962 1583 3038; x_wconf 69' lang='grc' dir='ltr'>τούτουο</span> 
     </span>
     <span class='ocr_line' id='line_1_19' title="bbox 400 3089 1563 3188; baseline -0.001 -23"><span class='ocrx_word' id='word_1_167' title='bbox 400 3099 458 3165; x_wconf 82' lang='grc' dir='ltr'>τού</span> <span class='ocrx_word' id='word_1_168' title='bbox 478 3098 589 3186; x_wconf 89' lang='grc' dir='ltr'>γένους</span> <span class='ocrx_word' id='word_1_169' title='bbox 604 3089 796 3188; x_wconf 68' lang='grc' dir='ltr'>γίγνονται]</span> <span class='ocrx_word' id='word_1_170' title='bbox 850 3090 928 3164; x_wconf 91' lang='grc' dir='ltr'>ὅσαι</span> <span class='ocrx_word' id='word_1_171' title='bbox 943 3094 981 3164; x_wconf 88' lang='grc' dir='ltr'>δὲ</span> <span class='ocrx_word' id='word_1_172' title='bbox 995 3095 1060 3164; x_wconf 90' lang='grc' dir='ltr'>τῶν</span> <span class='ocrx_word' id='word_1_173' title='bbox 1077 3094 1240 3185; x_wconf 89' lang='grc' dir='ltr'>γυναικῶν</span> <span class='ocrx_word' id='word_1_174' title='bbox 1259 3089 1417 3182; x_wconf 85' lang='grc' dir='ltr'>γυναικὸς</span> <span class='ocrx_word' id='word_1_175' title='bbox 1435 3092 1563 3187; x_wconf 81' lang='grc' dir='ltr'>τμῆμά</span> 
     </span>
     <span class='ocr_line' id='line_1_20' title="bbox 401 3212 1563 3315; baseline 0.002 -23"><span class='ocrx_word' id='word_1_176' title='bbox 401 3224 497 3308; x_wconf 84' lang='grc' dir='ltr'>εἰσιν,</span> <span class='ocrx_word' id='word_1_177' title='bbox 525 3217 562 3291; x_wconf 91' lang='grc' dir='ltr'>ού</span> <span class='ocrx_word' id='word_1_178' title='bbox 581 3218 669 3291; x_wconf 88' lang='grc' dir='ltr'>ποίνυ</span> <span class='ocrx_word' id='word_1_179' title='bbox 688 3212 791 3292; x_wconf 88' lang='grc' dir='ltr'>αύται</span> <span class='ocrx_word' id='word_1_180' title='bbox 808 3228 877 3307; x_wconf 78' lang='grc' dir='ltr'>τοῖς</span> <span class='ocrx_word' id='word_1_181' title='bbox 896 3217 1038 3315; x_wconf 86' lang='grc' dir='ltr'>ἀνδράσι</span> <span class='ocrx_word' id='word_1_182' title='bbox 1055 3217 1109 3292; x_wconf 84' lang='grc' dir='ltr'>τὸν</span> <span class='ocrx_word' id='word_1_183' title='bbox 1124 3225 1196 3291; x_wconf 83' lang='grc' dir='ltr'>νοῶν</span> <span class='ocrx_word' id='word_1_184' title='bbox 1213 3225 1436 3315; x_wconf 84' lang='grc' dir='ltr'>προσέχουσιν,</span> <span class='ocrx_word' id='word_1_185' title='bbox 1465 3217 1563 3295; x_wconf 86' lang='grc' dir='ltr'>ἀλλά</span> 
     </span>
     <span class='ocr_line' id='line_1_21' title="bbox 402 3345 1563 3445; baseline 0.003 -27"><span class='ocrx_word' id='word_1_186' title='bbox 402 3351 526 3440; x_wconf 82' lang='grc' dir='ltr'>μᾶλλον</span> <span class='ocrx_word' id='word_1_187' title='bbox 551 3346 631 3441; x_wconf 83' lang='grc' dir='ltr'>πρὸς</span> <span class='ocrx_word' id='word_1_188' title='bbox 658 3345 722 3432; x_wconf 88' lang='grc' dir='ltr'>τάς</span> <span class='ocrx_word' id='word_1_189' title='bbox 743 3356 906 3441; x_wconf 81' lang='grc' dir='ltr'>γυναῖκας</span> <span class='ocrx_word' id='word_1_190' title='bbox 928 3353 1149 3444; x_wconf 84' lang='grc' dir='ltr'>τετραμμέναι</span> <span class='ocrx_word' id='word_1_191' title='bbox 1174 3349 1237 3418; x_wconf 87' lang='grc' dir='ltr'>εἰσί</span> <span class='ocrx_word' id='word_1_192' title='bbox 1244 3402 1253 3433; x_wconf 99' lang='grc'>,</span> <span class='ocrx_word' id='word_1_193' title='bbox 1288 3348 1348 3418; x_wconf 79' lang='grc' dir='ltr'>καί</span> <span class='ocrx_word' id='word_1_194' title='bbox 1374 3350 1410 3418; x_wconf 84' lang='grc' dir='ltr'>αἱ</span> <span class='ocrx_word' id='word_1_195' title='bbox 1439 3352 1563 3445; x_wconf 80' lang='grc' dir='ltr'>ἑταιρί-</span> 
     </span>
     <span class='ocr_line' id='line_1_22' title="bbox 403 3471 1563 3570; baseline -0.001 -24"><span class='ocrx_word' id='word_1_196' title='bbox 403 3501 512 3570; x_wconf 88' lang='grc' dir='ltr'>στριαι</span> <span class='ocrx_word' id='word_1_197' title='bbox 529 3478 567 3545; x_wconf 87' lang='grc' dir='ltr'>ἐκ</span> <span class='ocrx_word' id='word_1_198' title='bbox 584 3471 704 3548; x_wconf 89' lang='grc' dir='ltr'>τούτου</span> <span class='ocrx_word' id='word_1_199' title='bbox 724 3482 783 3548; x_wconf 80' lang='grc' dir='ltr'>τού</span> <span class='ocrx_word' id='word_1_200' title='bbox 803 3482 915 3570; x_wconf 92' lang='grc' dir='ltr'>γένους</span> <span class='ocrx_word' id='word_1_201' title='bbox 931 3478 1105 3569; x_wconf 90' lang='grc' dir='ltr'>γίγνονται.</span> <span class='ocrx_word' id='word_1_202' title='bbox 1150 3473 1220 3548; x_wconf 87' lang='grc' dir='ltr'>ὅσοι</span> <span class='ocrx_word' id='word_1_203' title='bbox 1237 3471 1264 3546; x_wconf 85' lang='grc' dir='ltr'>δ’</span> <span class='ocrx_word' id='word_1_204' title='bbox 1286 3471 1418 3570; x_wconf 85' lang='grc' dir='ltr'>ἄρρενος</span> <span class='ocrx_word' id='word_1_205' title='bbox 1438 3475 1563 3570; x_wconf 81' lang='grc' dir='ltr'>τμημά</span> 
     </span>
     <span class='ocr_line' id='line_1_23' title="bbox 394 3594 1563 3699; baseline 0.003 -26"><span class='ocrx_word' id='word_1_206' title='bbox 394 3604 480 3688; x_wconf 84' lang='grc' dir='ltr'>είσι,</span> <span class='ocrx_word' id='word_1_207' title='bbox 508 3601 554 3673; x_wconf 83' lang='grc' dir='ltr'>τοὶ</span> <span class='ocrx_word' id='word_1_208' title='bbox 579 3600 700 3699; x_wconf 83' lang='grc' dir='ltr'>ἄρρενα</span> <span class='ocrx_word' id='word_1_209' title='bbox 724 3600 895 3692; x_wconf 87' lang='grc' dir='ltr'>διῶκουσι,</span> <span class='ocrx_word' id='word_1_210' title='bbox 922 3606 982 3675; x_wconf 88' lang='grc' dir='ltr'>καὶ</span> <span class='ocrx_word' id='word_1_211' title='bbox 1002 3606 1062 3689; x_wconf 79' lang='grc' dir='ltr'>ἕως</span> <span class='ocrx_word' id='word_1_212' title='bbox 1085 3605 1141 3696; x_wconf 83' lang='grc' dir='ltr'>μὲν</span> <span class='ocrx_word' id='word_1_213' title='bbox 1166 3599 1209 3674; x_wconf 90' lang='grc' dir='ltr'>ἀν</span> <span class='ocrx_word' id='word_1_214' title='bbox 1236 3608 1352 3687; x_wconf 83' lang='grc' dir='ltr'>παιδες</span> <span class='ocrx_word' id='word_1_215' title='bbox 1372 3594 1473 3691; x_wconf 89' lang='grc' dir='ltr'>ῶσιν,</span> <span class='ocrx_word' id='word_1_216' title='bbox 1501 3603 1563 3676; x_wconf 86' lang='grc' dir='ltr'>ἅτε</span> 
     </span>
     <span class='ocr_line' id='line_1_24' title="bbox 403 3728 1564 3828; baseline 0.003 -26"><span class='ocrx_word' id='word_1_217' title='bbox 403 3728 547 3824; x_wconf 89' lang='grc' dir='ltr'>τεμοίχια</span> <span class='ocrx_word' id='word_1_218' title='bbox 565 3728 645 3802; x_wconf 87' lang='grc' dir='ltr'>ὅντα</span> <span class='ocrx_word' id='word_1_219' title='bbox 665 3734 725 3803; x_wconf 85' lang='grc' dir='ltr'>τοῶ</span> <span class='ocrx_word' id='word_1_220' title='bbox 748 3728 897 3826; x_wconf 87' lang='grc' dir='ltr'>ἄρρενος,</span> <span class='ocrx_word' id='word_1_221' title='bbox 924 3735 1055 3826; x_wconf 79' lang='grc' dir='ltr'>φιλοῦσι</span> <span class='ocrx_word' id='word_1_222' title='bbox 1076 3730 1155 3815; x_wconf 85' lang='grc' dir='ltr'>τούς</span> <span class='ocrx_word' id='word_1_223' title='bbox 1177 3728 1300 3825; x_wconf 86' lang='grc' dir='ltr'>ἄνδρας</span> <span class='ocrx_word' id='word_1_224' title='bbox 1322 3731 1383 3801; x_wconf 89' lang='grc' dir='ltr'>καὶ</span> <span class='ocrx_word' id='word_1_225' title='bbox 1407 3735 1564 3828; x_wconf 83' lang='grc' dir='ltr'>χαίρουσι</span> 
     </span>
    </p>

    <p class='ocr_par' dir='ltr' id='par_1_11' title="bbox 344 3854 1584 4212">
     <span class='ocr_line' id='line_1_25' title="bbox 344 3854 1584 3954; baseline 0.005 -30"><span class='ocrx_word' id='word_1_226' title='bbox 344 3861 699 3952; x_wconf 80' lang='grc' dir='ltr'>ιινσυγκατακείμενοι</span> <span class='ocrx_word' id='word_1_227' title='bbox 724 3861 784 3930; x_wconf 91' lang='grc' dir='ltr'>καὶ</span> <span class='ocrx_word' id='word_1_228' title='bbox 808 3863 1089 3952; x_wconf 81' lang='grc' dir='ltr'>συμπεπλεγμένοι</span> <span class='ocrx_word' id='word_1_229' title='bbox 1113 3865 1182 3943; x_wconf 85' lang='grc' dir='ltr'>τοῖς</span> <span class='ocrx_word' id='word_1_230' title='bbox 1203 3854 1359 3954; x_wconf 88' lang='grc' dir='ltr'>ἀνδράσι,</span> <span class='ocrx_word' id='word_1_231' title='bbox 1393 3861 1458 3930; x_wconf 88' lang='grc' dir='ltr'>καί</span> <span class='ocrx_word' id='word_1_232' title='bbox 1484 3863 1584 3932; x_wconf 71' lang='grc' dir='ltr'>εἶσιν·</span> 
     </span>
     <span class='ocr_line' id='line_1_26' title="bbox 405 3978 1564 4082; baseline 0.003 -25"><span class='ocrx_word' id='word_1_233' title='bbox 405 3978 493 4058; x_wconf 88' lang='grc' dir='ltr'>ούτοι</span> <span class='ocrx_word' id='word_1_234' title='bbox 512 3989 540 4057; x_wconf 89' lang='grc' dir='ltr'>οί</span> <span class='ocrx_word' id='word_1_235' title='bbox 558 3990 718 4079; x_wconf 85' lang='grc' dir='ltr'>βέλτιστοι</span> <span class='ocrx_word' id='word_1_236' title='bbox 735 3990 800 4058; x_wconf 89' lang='grc' dir='ltr'>τῶν</span> <span class='ocrx_word' id='word_1_237' title='bbox 816 3990 942 4059; x_wconf 79' lang='grc' dir='ltr'>παίδων</span> <span class='ocrx_word' id='word_1_238' title='bbox 957 3988 1019 4059; x_wconf 85' lang='grc' dir='ltr'>καὶ</span> <span class='ocrx_word' id='word_1_239' title='bbox 1038 3987 1231 4082; x_wconf 83' lang='grc' dir='ltr'>μειρακίων,</span> <span class='ocrx_word' id='word_1_240' title='bbox 1259 3982 1312 4057; x_wconf 84' lang='grc' dir='ltr'>ἅτ’</span> <span class='ocrx_word' id='word_1_241' title='bbox 1332 3981 1564 4081; x_wconf 86' lang='grc' dir='ltr'>ἀνδρειὸτατοι</span> 
     </span>
     <span class='ocr_line' id='line_1_27' title="bbox 405 4110 1564 4212; baseline 0.002 -26"><span class='ocrx_word' id='word_1_242' title='bbox 405 4112 493 4199; x_wconf 79' lang='grc' dir='ltr'>ὄντες</span> <span class='ocrx_word' id='word_1_243' title='bbox 509 4111 615 4210; x_wconf 82' lang='grc' dir='ltr'>φύσει.</span> <span class='ocrx_word' id='word_1_244' title='bbox 650 4116 734 4209; x_wconf 82' lang='grc' dir='ltr'>φασὶ</span> <span class='ocrx_word' id='word_1_245' title='bbox 749 4116 786 4186; x_wconf 86' lang='grc' dir='ltr'>δὲ</span> <span class='ocrx_word' id='word_1_246' title='bbox 799 4111 842 4206; x_wconf 84' lang='grc' dir='ltr'>δή</span> <span class='ocrx_word' id='word_1_247' title='bbox 860 4141 944 4199; x_wconf 88' lang='grc' dir='ltr'>τινες</span> <span class='ocrx_word' id='word_1_248' title='bbox 961 4110 1087 4199; x_wconf 85' lang='grc' dir='ltr'>αύτούς</span> <span class='ocrx_word' id='word_1_249' title='bbox 1104 4110 1342 4206; x_wconf 86' lang='grc' dir='ltr'>ἀναισχύντους</span> <span class='ocrx_word' id='word_1_250' title='bbox 1358 4111 1456 4203; x_wconf 78' lang='grc' dir='ltr'>εἶναι,</span> <span class='ocrx_word' id='word_1_251' title='bbox 1484 4118 1564 4212; x_wconf 81' lang='grc' dir='ltr'>ψευ-</span> 
     </span>
    </p>
   </div>
   <div class='ocr_carea' id='block_1_3' title="bbox 404 4237 1564 4341">
    <p class='ocr_par' dir='ltr' id='par_1_12' title="bbox 404 4237 1564 4341">
     <span class='ocr_line' id='line_1_28' title="bbox 404 4237 1564 4341; baseline 0 -26"><span class='ocrx_word' id='word_1_252' title='bbox 404 4240 544 4336; x_wconf 79' lang='grc' dir='ltr'>δόμενοι·</span> <span class='ocrx_word' id='word_1_253' title='bbox 572 4238 609 4313; x_wconf 86' lang='grc' dir='ltr'>ού</span> <span class='ocrx_word' id='word_1_254' title='bbox 626 4239 690 4336; x_wconf 79' lang='grc' dir='ltr'>γὰρ</span> <span class='ocrx_word' id='word_1_255' title='bbox 709 4238 763 4313; x_wconf 82' lang='grc' dir='ltr'>ύιί</span> <span class='ocrx_word' id='word_1_256' title='bbox 783 4238 1018 4336; x_wconf 87' lang='grc' dir='ltr'>ἀναισχυντίας</span> <span class='ocrx_word' id='word_1_257' title='bbox 1034 4247 1132 4314; x_wconf 83' lang='grc' dir='ltr'>τούτο</span> <span class='ocrx_word' id='word_1_258' title='bbox 1149 4247 1283 4337; x_wconf 88' lang='grc' dir='ltr'>δρῶσιν,</span> <span class='ocrx_word' id='word_1_259' title='bbox 1312 4237 1385 4313; x_wconf 86' lang='grc' dir='ltr'>ἀλλ’</span> <span class='ocrx_word' id='word_1_260' title='bbox 1404 4238 1473 4315; x_wconf 85' lang='grc' dir='ltr'>ύπὸ</span> <span class='ocrx_word' id='word_1_261' title='bbox 1489 4241 1564 4341; x_wconf 76' lang='grc' dir='ltr'>θάρ·</span> 
     </span>
    </p>
   </div>
   <div class='ocr_carea' id='block_1_4' title="bbox 405 4365 1587 4977">
    <p class='ocr_par' dir='ltr' id='par_1_13' title="bbox 405 4365 1587 4977">
     <span class='ocr_line' id='line_1_29' title="bbox 406 4365 1565 4465; baseline 0.003 -24"><span class='ocrx_word' id='word_1_262' title='bbox 406 4396 479 4465; x_wconf 89' lang='grc' dir='ltr'>ρους</span> <span class='ocrx_word' id='word_1_263' title='bbox 499 4372 559 4442; x_wconf 83' lang='grc' dir='ltr'>καὶ</span> <span class='ocrx_word' id='word_1_264' title='bbox 579 4367 730 4465; x_wconf 88' lang='grc' dir='ltr'>ἀνδρείας</span> <span class='ocrx_word' id='word_1_265' title='bbox 753 4372 811 4441; x_wconf 87' lang='grc' dir='ltr'>καὶ</span> <span class='ocrx_word' id='word_1_266' title='bbox 831 4367 1050 4465; x_wconf 85' lang='grc' dir='ltr'>ἀρρενωπίας,</span> <span class='ocrx_word' id='word_1_267' title='bbox 1075 4368 1113 4441; x_wconf 83' lang='grc' dir='ltr'>τὸ</span> <span class='ocrx_word' id='word_1_268' title='bbox 1138 4368 1245 4461; x_wconf 90' lang='grc' dir='ltr'>ὅμοιον</span> <span class='ocrx_word' id='word_1_269' title='bbox 1271 4365 1385 4453; x_wconf 81' lang='grc' dir='ltr'>αὑτοῖς</span> <span class='ocrx_word' id='word_1_270' title='bbox 1408 4365 1565 4458; x_wconf 80' lang='grc' dir='ltr'>ἀσπαζύ·</span> 
     </span>
     <span class='ocr_line' id='line_1_30' title="bbox 407 4494 1564 4593; baseline 0.003 -25"><span class='ocrx_word' id='word_1_271' title='bbox 407 4524 502 4589; x_wconf 86' lang='grc' dir='ltr'>μενοι.</span> <span class='ocrx_word' id='word_1_272' title='bbox 548 4503 634 4591; x_wconf 87' lang='grc' dir='ltr'>μέγα</span> <span class='ocrx_word' id='word_1_273' title='bbox 652 4499 689 4569; x_wconf 88' lang='grc' dir='ltr'>δέ</span> <span class='ocrx_word' id='word_1_274' title='bbox 706 4495 898 4593; x_wconf 81' lang='grc' dir='ltr'>τεκμήριον·</span> <span class='ocrx_word' id='word_1_275' title='bbox 925 4500 986 4570; x_wconf 86' lang='grc' dir='ltr'>καὶ</span> <span class='ocrx_word' id='word_1_276' title='bbox 1003 4496 1069 4593; x_wconf 85' lang='grc' dir='ltr'>γὰρ</span> <span class='ocrx_word' id='word_1_277' title='bbox 1086 4501 1292 4581; x_wconf 85' lang='grc' dir='ltr'>τελεωθέντες</span> <span class='ocrx_word' id='word_1_278' title='bbox 1311 4494 1399 4589; x_wconf 82' lang='grc' dir='ltr'>μόνοι</span> <span class='ocrx_word' id='word_1_279' title='bbox 1417 4494 1564 4591; x_wconf 89' lang='grc' dir='ltr'>ἀποβαί-</span> 
     </span>
     <span class='ocr_line' id='line_1_31' title="bbox 406 4620 1562 4723; baseline 0.003 -28"><span class='ocrx_word' id='word_1_280' title='bbox 406 4652 511 4698; x_wconf 90' lang='grc' dir='ltr'>νουσιν</span> <span class='ocrx_word' id='word_1_281' title='bbox 534 4628 580 4710; x_wconf 83' lang='grc' dir='ltr'>είς</span> <span class='ocrx_word' id='word_1_282' title='bbox 598 4623 642 4696; x_wconf 86' lang='grc' dir='ltr'>τοὶ</span> <span class='ocrx_word' id='word_1_283' title='bbox 666 4624 820 4697; x_wconf 87' lang='grc' dir='ltr'>πολιτικά</span> <span class='ocrx_word' id='word_1_284' title='bbox 845 4623 958 4722; x_wconf 87' lang='grc' dir='ltr'>ἄνδρες</span> <span class='ocrx_word' id='word_1_285' title='bbox 984 4628 1013 4697; x_wconf 86' lang='grc' dir='ltr'>οἱ</span> <span class='ocrx_word' id='word_1_286' title='bbox 1034 4631 1186 4697; x_wconf 75' lang='grc' dir='ltr'>τοιοῦτοι.</span> <span class='ocrx_word' id='word_1_287' title='bbox 1239 4622 1369 4697; x_wconf 79' lang='grc' dir='ltr'>ἐπειδὰν</span> <span class='ocrx_word' id='word_1_288' title='bbox 1386 4620 1414 4696; x_wconf 87' lang='grc' dir='ltr'>δ’</span> <span class='ocrx_word' id='word_1_289' title='bbox 1440 4624 1562 4723; x_wconf 87' lang='grc' dir='ltr'>ἀνδρω-</span> 
     </span>
     <span class='ocr_line' id='line_1_32' title="bbox 406 4751 1587 4851; baseline 0.001 -24"><span class='ocrx_word' id='word_1_290' title='bbox 406 4759 493 4843; x_wconf 78' lang='grc' dir='ltr'>θῶσι,</span> <span class='ocrx_word' id='word_1_291' title='bbox 511 4759 779 4849; x_wconf 84' lang='grc' dir='ltr'>παιδεραστοῶσι,</span> <span class='ocrx_word' id='word_1_292' title='bbox 797 4756 856 4825; x_wconf 85' lang='grc' dir='ltr'>καὶ</span> <span class='ocrx_word' id='word_1_293' title='bbox 872 4752 951 4850; x_wconf 78' lang='grc' dir='ltr'>πρὸς</span> <span class='ocrx_word' id='word_1_294' title='bbox 964 4751 1093 4845; x_wconf 88' lang='grc' dir='ltr'>γάμους</span> <span class='ocrx_word' id='word_1_295' title='bbox 1109 4754 1169 4824; x_wconf 87' lang='grc' dir='ltr'>καὶ</span> <span class='ocrx_word' id='word_1_296' title='bbox 1183 4756 1394 4838; x_wconf 86' lang='grc' dir='ltr'>παιδοποιίας</span> <span class='ocrx_word' id='word_1_297' title='bbox 1409 4751 1450 4825; x_wconf 82' lang='grc' dir='ltr'>ού</span> <span class='ocrx_word' id='word_1_298' title='bbox 1466 4771 1587 4851; x_wconf 68' lang='grc' dir='ltr'>προσ-δ</span> 
     </span>
     <span class='ocr_line' id='line_1_33' title="bbox 405 4877 1563 4977; baseline 0.001 -23"><span class='ocrx_word' id='word_1_299' title='bbox 405 4888 515 4974; x_wconf 85' lang='grc' dir='ltr'>έχουσι</span> <span class='ocrx_word' id='word_1_300' title='bbox 533 4879 586 4953; x_wconf 79' lang='grc' dir='ltr'>τὸν</span> <span class='ocrx_word' id='word_1_301' title='bbox 604 4885 680 4953; x_wconf 84' lang='grc' dir='ltr'>νοῶν</span> <span class='ocrx_word' id='word_1_302' title='bbox 697 4879 804 4977; x_wconf 79' lang='grc' dir='ltr'>φύσει,</span> <span class='ocrx_word' id='word_1_303' title='bbox 831 4877 903 4952; x_wconf 87' lang='grc' dir='ltr'>ἀλλ’</span> <span class='ocrx_word' id='word_1_304' title='bbox 922 4877 986 4952; x_wconf 87' lang='grc' dir='ltr'>ύπὸ</span> <span class='ocrx_word' id='word_1_305' title='bbox 1003 4887 1062 4953; x_wconf 81' lang='grc' dir='ltr'>τού</span> <span class='ocrx_word' id='word_1_306' title='bbox 1079 4878 1177 4972; x_wconf 87' lang='grc' dir='ltr'>νύμου</span> <span class='ocrx_word' id='word_1_307' title='bbox 1194 4877 1463 4974; x_wconf 79' lang='grc' dir='ltr'>ἀναγκάζονται·</span> <span class='ocrx_word' id='word_1_308' title='bbox 1491 4881 1563 4955; x_wconf 91' lang='grc' dir='ltr'>ἀλλ’</span> 
     </span>
    </p>
   </div>
   <div class='ocr_carea' id='block_1_5' title="bbox 0 0 1952 5700">
    <p class='ocr_par' dir='ltr' id='par_1_14' title="bbox 0 0 1952 5700">
     <span class='ocr_line' id='line_1_34' title="bbox 0 0 1952 5700; baseline 0 0"><span class='ocrx_word' id='word_1_309' title='bbox 0 0 1952 5700; x_wconf 95' lang='lat' dir='ltr'> </span> 
     </span>
    </p>
   </div>
  </div>
 </body>
</html>
