3850 5700
630 800 687 859 &nn
702 800 859 856 runem
878 801 1019 848 LEGIBUS
1039 801 1202 850 RPMOLA·
1374 763 1467 850 xxvii

369 982 555 1070 κευασμένφ
578 982 682 1073 ἀρχῦς
705 982 937 1065 ἀνεπιτηδείους
960 984 1135 1066 ἐπιστῆσαι
1162 986 1227 1054 τοὶς
1255 982 1290 1050 et
1317 982 1466 1066 κειμένοις

372 1095 479 1180 νόμοις
497 1096 535 1162 οῦ
553 1093 649 1179 μόνον
667 1094 755 1162 οὐδὲν
774 1094 874 1163 πλέον
888 1095 922 1162 εῦ
942 1095 1150 1163 τεθέντων-.
1192 1096 1237 1162 In
1250 1097 1323 1175 752,
1338 1096 1410 1161 init.
1426 1096 1466 1161 L.

372 1205 597 1292 πλανωμένοις.
634 1208 714 1275 Mox
727 1215 850 1274 mutato
864 1209 974 1275 ordine
988 1209 1177 1297 legendum:
1199 1206 1273 1296 περὶ
1287 1205 1328 1282 τί,
1343 1205 1398 1273 καὶ
1411 1207 1469 1272 ποὶ

372 1319 508 1401 βλέπων
527 1319 681 1404 μάλιστα.
728 1320 792 1387 Pro
815 1318 1055 1407 προσδέξασθαι
1075 1321 1113 1386 L.
1136 1317 1376 1407 προσδέξεσθαι.
1424 1318 1468 1384 In

375 1434 450 1512 753,
465 1456 553 1520 prop.
564 1432 624 1498 'fin
640 1433 679 1497 L.
695 1429 747 1519 ἀρ’,
756 1432 917 1516 ἐννοοῦμεν
930 1432 973 1503 ὡς
986 1435 1055 1502 ταῖς
1067 1433 1193 1520 πρῶτον
1206 1431 1287 1497 οὕτω
1300 1432 1467 1512 καταζευγ·

376 1543 520 1627 νθμεναις
540 1543 675 1610 πόλεσιν
695 1543 816 1628 ἀνάγκη
833 1545 907 1629 ἡμῖν
924 1544 1005 1611 εἷναί
1021 1570 1117 1625 τινας,
1138 1544 1247 1615 οἵτινες
1268 1542 1328 1610 εἷεν
1347 1542 1387 1608 ἀν
1405 1540 1468 1630 πρὸ

375 1658 491 1721 πασῶν
511 1658 574 1721 τῶν
593 1656 702 1745 ἀρχῶν
723 1637 892 1739 ηεηονάτες,
913 1658 1017 1724 deleto
1039 1657 1096 1723 οὐκ
1118 1656 1189 1723 ἔστι
1209 1644 1295 1743 quod
1316 1657 1356 1721 ob
1378 1678 1467 1720 men·

376 1768 489 1833 desum
504 1766 563 1851 μὲν
579 1769 620 1834 ad
638 1768 750 1833 falsam
769 1766 929 1833 ἀντίθεσιν
949 1769 1158 1855 supplendum
1178 1768 1295 1857 adjecit
1315 1789 1468 1833 recensor.

379 1879 422 1944 In
433 1879 498 1945 754
511 1880 552 1944 ad
565 1880 620 1944 fin.
636 1878 754 1944 frustm
764 1901 797 1944 ee
807 1879 968 1965 torquebit
979 1880 1035 1966 qui
1048 1880 1197 1945 lacunosa
1209 1879 1266 1944 illa
1277 1876 1471 1966 Ιγραμμάτων

379 1988 424 2055 ὧν
443 1989 483 2055 ἀν
501 1988 634 2061 ἕκαστος
653 1988 837 2077 ἀπογράψῃ·
852 1993 917 2060 τοὶς
936 1988 1074 2079 ἄρχουσι
1092 1990 1129 2057 τὸ
1151 1988 1275 2073 πλῆθος
1293 1995 1350 2072 τῆς
1368 1989 1471 2054 αὐτῶν

380 2099 490 2172 οὐσίας
503 2102 706 2189 interpretari
724 2102 899 2167 oonabitur.
943 2103 1054 2168 Prima
1067 2105 1164 2170 verba
1177 2103 1218 2167 ad
1238 2099 1469 2189 νομοφύλακας,

379 2212 551 2278 novissima
564 2214 606 2277 ed
619 2212 702 2298 ipsos
714 2212 797 2278 oivee
811 2212 970 2298 pertinere
984 2210 1124 2300 apparet.
1160 2213 1323 2278 Lacunam
1336 2211 1470 2298 repetito

378 2324 476 2390 verbo
500 2320 679 2410 ἀπογράψῃ
707 2322 908 2387 tribuendam
935 2331 1023 2409 puto.
1077 2322 1157 2389 Mox
1181 2323 1219 2397 L.
1245 2320 1338 2388 ὅποτ’
1360 2319 1400 2386 ἀν
1423 2346 1472 2391 τις

379 2432 488 2500 πλέον’
513 2432 582 2521 έχη,
608 2412 751 2519 ῦπερβάς
775 2429 978 2515 ἑβδομήκοντ’
1005 2431 1059 2512 έτη
1083 2430 1194 2515 μηκέτι
1218 2432 1301 2498 κ.τ.ἕ.
1344 2432 1471 2513 (Obiter
1521 2433 1546 2524 Ἰ

379 2568 493 2612 moneo
505 2545 541 2609 n
560 2544 658 2609 mue.
674 2544 715 2609 v.
732 2544 784 2621 90,
800 2544 972 2631 legendum
991 2545 1112 2610 videri:
1135 2544 1227 2628 αμα
1246 2523 1473 2628 neptune

380 2682 416 2722 τε
429 2654 597 2745 χρήσιμον·
613 2654 733 2737 ἀνάγκη
752 2652 824 2742 ηάρ,
836 2654 944 2737 ἐπειδὴ
959 2656 1045 2739 ὑμεῖς
1059 2654 1213 2721 ὑπέθεσθε
1227 2656 1317 2740 οὕτω,
1331 2656 1421 2744 παρά
1435 2655 1471 2723 τὸ

383 2766 503 2832 δίκαιον
531 2765 567 2832 τὸ
596 2764 753 2855 ξάμφερον
779 2765 884 2849 λέγειν
897 2767 962 2855 -.)
1019 2767 1063 2832 In
1091 2768 1163 2846 755,
1189 2776 1276 2855 patet
1304 2768 1472 2834 Platonem

382 2904 500 2946 nomen
524 2879 713 2968 ταξιάρχους
733 2878 838 2945 minus
863 2881 996 2965 probare
1017 2881 1057 2945 de
1077 2879 1155 2944 viris
1176 2881 1306 2959 dietum,
1329 2882 1371 2945 ad
1394 2904 1473 2967 quoe

383 2993 490 3079 potius
517 2993 690 3079 pertineret
718 2989 755 3057 τὸ
780 2995 909 3076 κοσμεῖν
933 3015 1029 3079 quem
1054 2989 1090 3056 τὸ
1114 2989 1232 3079 ἄρχειν.
1283 2992 1391 3079 Igitur
1415 3016 1473 3079 pro

382 3101 449 3167 οἱον
476 3100 529 3167 καὶ
557 3102 772 3188 reponendum
800 3101 828 3168 εἰ
856 3100 918 3167 καὶ.
978 3102 1057 3167 Mox
1090 3102 1193 3167 omnis
1225 3101 1402 3181 difficultas,
1432 3103 1472 3168 de

383 3237 447 3300 qua
460 3213 496 3279 in
509 3213 693 3300 praefatione
711 3212 779 3300 egit
799 3212 1013 3291 Hermennue,
1029 3211 1188 3278 levissima
1208 3212 1383 3279 mutatione
1402 3213 1473 3279 tolli

383 3323 510 3410 poterit,
531 3323 559 3389 ei
579 3346 636 3409 pro
657 3321 840 3411 ἱππάρχους
859 3322 1003 3410 legamus
1029 3321 1199 3412 ὑπάρχους,
1222 3322 1283 3389 he.
1309 3344 1372 3403 eoe,
1395 3347 1474 3410 quos

384 3435 458 3501 oaeei
479 3421 532 3501 vel
553 3435 639 3522 eapti
660 3438 841 3523 στρατηγοῦ
862 3457 978 3500 munus
1002 3435 1089 3501 obire
1114 3436 1286 3521 oportebat.
1329 3435 1372 3501 In
1397 3436 1472 3515 756,

386 3549 468 3613 med.
485 3548 523 3613 L.
538 3546 642 3635 φέρειν
658 3546 703 3631 μὴ
722 3545 777 3612 τὸν
794 3544 997 3629 βουλόμενον,
1016 3546 1189 3630 ἐπάναγκες
1207 3544 1233 3611 δ’
1251 3545 1338 3626 εἶναι,
1353 3554 1386 3612 et
1398 3571 1475 3614 mox

387 3659 459 3725 dele
472 3660 642 3726 insititiam
655 3660 738 3726 illud
751 3657 804 3724 καί
818 3657 933 3746 τρίτου.
977 3659 1020 3724 In
1039 3660 1101 3724 759
1116 3659 1186 3724 init.
1202 3658 1387 3724 deleverat
1401 3667 1475 3726 ante

389 3770 494 3859 ἱερέας.
524 3771 563 3838 of.
584 3772 669 3837 infra
690 3769 906 3837 καταστατεάν
929 3769 1026 3858 ἱερέας
1044 3796 1079 3836 τε
1099 3769 1154 3835 καὶ
1176 3769 1286 3858 ἱερείας
1300 3769 1475 3859 νεωκόρους.

386 3883 431 3948 In
445 3883 517 3961 757,
529 3882 600 3951 init.
615 3905 674 3969 pro
688 3880 933 3970 διαγορευόμενοι
946 3882 1032 3968 qnod
1043 3904 1138 3946 eensu
1151 3890 1245 3961 earet,
1260 3885 1474 3969 reponendum

387 4017 497 4060 censeo
522 3991 785 4081 ἀναγορευόμενοι,
807 3997 982 4059 renuntiati.
1025 3993 1068 4059 In
1090 3994 1153 4059 760
1174 4017 1272 4081 prope
1292 3995 1363 4060 init.
1382 3994 1420 4060 L.
1441 3992 1478 4058 αἱ

390 4104 525 4193 φρουραὶ
542 4104 615 4194 περὶ
632 4105 749 4187 ταύτην
765 4103 947 4190 ηυγνέσθων.
990 4104 1120 4184 111762,
1136 4129 1184 4192 pr.
1199 4107 1281 4171 med.
1296 4106 1334 4170 L.
1350 4108 1477 4193 πρῶτον

389 4216 448 4301 μὲν
466 4216 513 4282 δεῖ
532 4217 615 4283 κ.τ.ἑ.
659 4218 702 4284 In
721 4219 795 4297 763,
810 4218 892 4284 med.
907 4217 1015 4283 Verba
1034 4204 1126 4281 ὅποτ’
1144 4215 1184 4282 ἀν
1202 4217 1306 4288 αὐτοῖς
1323 4216 1477 4301 πέμπωσι

389 4329 444 4396 καὶ
463 4329 679 4418 παραδιδῶσιν
697 4328 729 4395 οἱ
745 4334 949 4418 φρουροῦντες
969 4328 1215 4417 τεθεραπευμένα
1236 4332 1406 4397 admonent
1424 4356 1476 4398 me

387 4440 451 4507 looi
475 4443 566 4528 apud.
584 4442 682 4508 Τίτου.
707 4442 769 4508 IV.
796 4444 847 4520 66,
874 4439 1004 4506 ἀκάτιον
1028 4441 1205 4530 ἀμφηρικὸν
1229 4441 1270 4512 ὡς
1296 4441 1416 4527 λῃσταί
1441 4443 1477 4508 ἐκ

389 4555 515 4618 πολλοῦ
541 4551 798 4642 τεθεραπευκότες
819 4551 877 4634 τὴν
896 4552 1015 4636 ἀνοιξιν
1035 4556 1098 4619 τῶν
1118 4555 1230 4619 πυλῶν
1250 4552 1401 4620 εἰώθεσαν
1422 4553 1477 4621 ἐπὶ

388 4662 495 4750 ἀμάξῃ
517 4711 648 4730 .....
670 4663 893 4748 κατακομίζειν.
943 4664 1014 4747 Quo
1036 4665 1150 4753 saepiue
1170 4665 1238 4732 haeo
1259 4673 1291 4732 et
1313 4667 1477 4754 sequentia
