3850 5700
657 807 700 852 DE
721 804 876 853 rnnrcms
897 805 1038 851 LEGIBUS
1058 805 1220 852 Erremus.
1416 810 1484 852 XXV

387 1008 500 1081 τάντός
513 1011 576 1075 τῶν
589 1008 766 1077 wlodoweio
780 1010 938 1096 corrupit:
954 1007 1034 1098 πρὸς
1047 1007 1088 1074 τὰ
1102 1011 1165 1074 τῶν
1175 1006 1260 1080 ἐντὸς
1273 1009 1336 1073 τῶν
1345 1006 1477 1077 πλοίων.

386 1121 430 1187 In
443 1145 475 1208 p.
493 1121 557 1191 718
570 1122 724 1210 legimus:
746 1122 820 1187 ΑΘ.
844 1120 893 1186 Τὰ
913 1119 1017 1187 τοίνυν
1038 1119 1076 1202 δὴ
1094 1119 1251 1207 λεχθέντα
1269 1117 1354 1203 ἔδοξέ
1373 1120 1407 1185 τί
1421 1146 1477 1204 μοι

385 1232 545 1321 προῦργου
569 1231 646 1321 δρᾷυ
671 1232 714 1303 εἰς
739 1232 775 1298 τό
800 1231 874 1321 περὶ
898 1232 941 1298 ὧν
968 1232 1008 1298 όν
1032 1234 1170 1319 παραινῇ
1197 1229 1242 1314 μὴ
1270 1230 1477 1299 παντάπασιν

386 1340 472 1426 ὠμῆς
493 1350 606 1433 ψυχῆς
626 1344 801 1430 λαβόμενα,
824 1349 951 1429 μᾶλλον
973 1343 999 1410 δ’
1022 1342 1214 1433 ἡμερώτερόν
1236 1367 1271 1409 τε
1292 1341 1333 1407 ἂν
1353 1341 1476 1409 ἀκούειν

385 1452 440 1519 καὶ
465 1454 693 1545 εὐμενέστερον·
726 1455 810 1523 ὥστε
833 1455 862 1523 εί
886 1455 939 1523 καὶ
963 1455 1008 1540 μὴ
1032 1454 1113 1539 μέγα
1138 1480 1179 1530 τι,
1204 1453 1337 1543 σμικρόν
1360 1453 1395 1520 δὲ
1418 1453 1474 1521 τόν

385 1562 547 1646 ἀκούοντα,
571 1565 650 1655 όπερ
675 1566 782 1656 φησίν,
806 1565 1024 1655 εὐμενέστερον
1046 1564 1227 1649 γιγνόμενον
1247 1565 1474 1654 εὐμαθέστερον

382 1676 608 1765 ἀπεργάσεται,
623 1683 690 1746 πᾶν
703 1678 876 1764 ἀγαπητόν.
920 1680 984 1746 Pro
997 1679 1049 1745 his
1062 1679 1205 1746 sordibus
1219 1680 1330 1766 sipost
1346 1682 1472 1763 μᾶλλον

382 1788 426 1869 δὲ,
439 1789 572 1878 πραείας
586 1792 781 1879 suppleveris
794 1800 827 1859 et
840 1788 1034 1880 ἡμερώτερόν
1047 1816 1082 1857 τε
1098 1789 1166 1875 ἅμα
1183 1794 1285 1858 ποιεῖν
1297 1792 1471 1878 reposueris

381 1901 488 1968 omnia
501 1901 665 1969 intellectu
679 1903 785 1979 facilia
799 1904 942 1969 evadent.
987 1903 1145 1969 Praeterea
1158 1925 1215 1989 pro
1228 1905 1295 1967 πᾶν
1308 1900 1473 1985 ἀγαπητὸν

380 2014 453 2101 lege
469 2013 554 2080 πάνυ
570 2013 743 2098 ἀγαπητὸν,
758 2022 791 2081 et
804 2015 884 2102 inp.
902 2015 975 2093 801,
990 2038 1049 2101 pro
1063 2014 1100 2079 οὐ
1118 2017 1185 2079 πᾶν
1204 2011 1316 2089 ἱκανὸν,
1332 2014 1369 2080 οὐ
1387 2014 1472 2081 πάνυ

382 2122 495 2191 ἱκανόν.
540 2126 662 2191 Verum
679 2127 706 2192 si
724 2125 850 2213 singula
864 2126 1021 2192 editorum
1035 2124 1166 2191 inouriae
1179 2125 1352 2212 specimina
1365 2150 1469 2213 perse·

381 2259 469 2323 quar,
493 2259 658 2323 nunquam
680 2237 831 2304 desinam.
883 2236 927 2302 In
948 2260 1014 2303 una
1026 2235 1138 2323 igitur
1160 2238 1351 2304 correctione
1373 2239 1471 2305 finem

380 2348 503 2428 seciam,
519 2372 616 2435 quam
637 2348 713 2416 setis
734 2348 797 2430 scio
816 2355 849 2414 te
869 2349 1085 2435 probaturum,
1101 2347 1158 2434 qui
1174 2348 1356 2415 memineris
1373 2373 1470 2436 quam

380 2480 463 2545 saepe
482 2458 595 2525 similis
616 2481 703 2525 error
723 2458 759 2524 in
780 2458 938 2525 codicibus
958 2456 1144 2543 reperiatur.
1192 2458 1356 2525 Nimirum
1375 2460 1470 2526 utin

378 2570 527 2638 Lachetis
554 2570 647 2638 initio
680 2568 868 2653 ἡγησάμεθα
898 2568 934 2635 in
961 2566 1163 2653 ἡγησάμενοι,
1193 2576 1227 2635 et
1254 2569 1290 2635 in
1322 2570 1468 2650 Phaedre,

378 2704 410 2768 p.
436 2683 501 2748 246
525 2682 683 2749 ἀθάνατον
708 2680 734 2747 δ’
760 2680 822 2748 οὐδ’
848 2680 883 2765 ἐξ
908 2678 974 2751 ἑνὸς
998 2678 1097 2763 λόγον
1119 2680 1355 2765 λελογισμένον,
1381 2681 1470 2747 ἀλλὰ

377 2794 570 2883 πλάττομεν,
585 2797 622 2865 in
634 2795 665 2864 ά.
682 2794 719 2863 δ’.
733 2822 760 2863 ο.
774 2795 798 2862 ε’.
814 2794 838 2863 ε’.
852 2803 885 2863 λ.
900 2792 1118 2879 λελογίσμεθα
1132 2794 1163 2859 ά.
1177 2819 1213 2862 π.
1229 2796 1361 2876 mutavi,
1374 2797 1419 2863 sic
1432 2796 1468 2863 in

377 2929 410 2993 p·
426 2907 499 2988 823,
514 2906 551 2974 τό
570 2906 604 2974 δὲ
622 2906 660 2990 δὴ
679 2904 783 2995 παρὸν
798 2906 873 2989 ἡμῖν
889 2904 931 2971 τό
951 2906 1007 2971 νῦν
1027 2903 1092 2970 οἷον
1110 2903 1255 2994 μάρτυρα
1273 2905 1468 2990 ἐπαγόμεθα·

377 3016 469 3100 δηλοῖ
484 3019 543 3104 μὲν
561 3019 600 3086 ἂν
618 3019 636 3085 ό
656 3017 841 3103 βουλόμεθα
859 3017 948 3084 vides
962 3017 1118 3104 quomodo
1137 3017 1295 3104 corrigere
1314 3027 1465 3105 oporteat.

376 3130 468 3210 Vale,
490 3131 542 3198 vir
562 3131 758 3212 amicissime,
780 3128 915 3197 etmihi
937 3128 1044 3195 favere
1069 3135 1101 3193 et
1126 3127 1177 3193 his
1197 3127 1298 3195 literis
1322 3129 1467 3215 prodesse

378 3264 486 3330 Ρθῑὲθ·

422 3565 608 3655 Hucusque
626 3566 766 3653 epistolae
782 3589 999 3655 perveneram,
1014 3589 1115 3654 quum
1133 3565 1239 3651 accepi
1257 3570 1290 3631 te
1308 3566 1351 3631 ad
1369 3566 1466 3632 eliam

376 3675 574 3762 provinciam
586 3684 733 3744 vocatum
751 3677 859 3744 literas
878 3677 1006 3744 Graecas
1026 3700 1092 3743 non
1110 3678 1307 3742 desertmum
1327 3677 1466 3765 quidem,

376 3786 412 3852 id
431 3786 516 3852 enim
537 3787 577 3852 de
597 3794 630 3853 te
650 3788 802 3873 suspicari
822 3787 911 3854 nefas
932 3794 1023 3867 esset,
1039 3787 1094 3853 sed
1114 3794 1185 3873 post
1205 3786 1327 3874 aliquot
1344 3811 1467 3854 menses

375 3894 470 3962 alteri
491 3897 645 3964 docendas
666 3899 869 3963 traditurum.
923 3897 1146 3963 Libentissime
1171 3919 1246 3962 sane
1267 3920 1309 3963 ex
1330 3897 1390 3964 hoc
1410 3922 1465 3963 ex·

374 4009 479 4095 emplo
499 4011 597 4077 didici
614 4035 680 4078 non
699 4035 807 4078 omnes
826 4012 960 4078 honores
979 4011 1015 4077 in
1028 4011 1283 4079 verbosissimum
1297 4018 1330 4076 et
1345 4011 1464 4076 inanis-

373 4120 490 4188 simum
503 4146 659 4211 quemque
673 4123 819 4203 conferri,
834 4125 889 4190 sed
907 4124 1013 4191 valere
1027 4124 1203 4191 etiamnum
1223 4123 1309 4210 apud
1327 4122 1466 4189 civitatis

372 4233 532 4321 principes
548 4235 678 4302 honesto
696 4243 822 4323 partam
840 4237 992 4303 doctrinae
1012 4237 1203 4323 virtutisque
1221 4234 1348 4300 famam
1392 4234 1466 4300 Tibi
1542 4317 1544 4321 .

371 4367 447 4413 vero
466 4345 537 4432 quis
555 4368 622 4412 non
640 4369 681 4412 ex
700 4347 806 4413 animo
828 4347 1008 4435 gratuletur
1028 4347 1084 4434 qui
1105 4353 1138 4411 te
1159 4368 1281 4431 semper
1299 4352 1466 4413 strenuum
1569 4368 1572 4373 ·

319 4546 322 4551 Ι
374 4456 512 4523 amicum
531 4464 626 4544 atque
647 4458 824 4545 adjutorem
841 4459 987 4525 omnibus
1005 4457 1185 4546 praebueris,
1204 4479 1339 4543 quorum
1361 4457 1466 4523 studia

373 4572 407 4632 et
428 4574 557 4634 conatus
577 4569 734 4655 probares.
779 4568 842 4635 Sed
863 4570 903 4634 de
924 4569 985 4636 hac
1010 4593 1045 4636 re
1066 4571 1134 4658 jam
1158 4568 1252 4657 plura
1272 4592 1324 4635 me
1348 4569 1466 4635 dixisse

374 4678 477 4746 sentio
497 4702 593 4766 quam
614 4679 811 4747 verecundiae
831 4687 895 4746 tuae
916 4681 1084 4760 convenit3
1106 4681 1223 4768 itaque,
1245 4681 1272 4747 si
1293 4680 1405 4767 placet,
1426 4682 1467 4746 ad

1335 4819 1349 4863 4
