3850 5700
886 772 1093 860 HAATON92

411 753 546 915 οινύρί

411 918 607 1008 ἐγλυμμένος
623 910 795 1007 Σειληνός·
823 919 943 988 ἔνδοθεν
961 912 988 986 δ’
1009 877 1163 1009 άίόιχθεὶς
1182 912 1299 1007 πόσης,
1326 891 1438 1003 οίεσθε,
1465 921 1572 1010 γέμει,

411 1034 435 1112 ὦ
461 1039 574 1138 ἄνδρες
594 1039 779 1135 συμπόται,
807 1040 1037 1139 σωρροσόνης;
1064 1045 1153 1132 ἴστε,
1179 1041 1230 1116 ότι
1249 1040 1316 1116 οὔτ’
1336 1046 1365 1114 εί
1384 1070 1436 1128 τις
1463 1040 1572 1128 καλός

410 1173 481 1242 ἐστι
500 1174 587 1264 με’λει
611 1148 703 1267 αότῷ
728 1167 838 1259 οόδέν,
866 1168 957 1245 άλλοὶ
982 1179 1183 1267 καταφρονεῖ
1199 1177 1374 1260 τοσοῦτον,
1401 1169 1476 1244 ὅσον
1500 1168 1568 1243 οὐδ’

410 1294 452 1368 άν
471 1294 516 1382 είς
534 1300 673 1390 οίηθείη,
701 1294 768 1371 οὔτ’
788 1301 817 1370 εί
836 1327 886 1384 τις
910 1326 935 1371 π
983 1297 991 1320 ’
1017 1326 1079 1389 ιος,
1106 1295 1171 1372 οὔτ’
1194 1302 1223 1370 εί
1243 1297 1348 1392 άλλην
1373 1299 1449 1371 τινά
1466 1297 1593 1393 τιμήνο

354 1427 356 1432 ’
410 1430 488 1520 ἔχων
504 1432 568 1499 τῶν
582 1423 646 1499 ὑπό
662 1424 804 1519 πλήθους
821 1304 1096 1544 μακαόήᾬνων.
1123 1424 1254 1520 ἡγεῖται
1269 1429 1306 1499 δὲ
1320 1424 1433 1499 πάντα
1450 1431 1570 1499 ταῦτα

408 1551 455 1626 τὰ
470 1551 632 1647 κτήματα
650 1550 778 1638 οόδενός
794 1552 876 1641 άξια
898 1557 958 1625 καὶ
975 1551 1066 1647 ήμοῖς
1084 1551 1178 1627 ου’δὲν
1197 1553 1295 1641 είναι,
1323 1552 1571 1651 είρωνευόμενος

406 1683 526 1754 δὲκαὶ
550 1684 672 1768 παίζων
697 1678 809 1754 πάντα
832 1678 886 1754 τόν
907 1683 974 1775 βίον
1001 1680 1080 1778 πρὸς
1104 1679 1181 1766 τοὺς
1199 1679 1383 1777 ἀνθρώπους
1408 1688 1567 1754 διατελεῖ.

408 1808 658 1895 σπουδάσαντος
679 1806 706 1881 δ’
727 1805 831 1883 αότοῖ
851 1811 911 1881 καί
936 1806 1135 1903 ἀνοιχθέντος
1155 1806 1217 1882 οόκ
1234 1807 1291 1882 οἶδ’
1311 1813 1340 1881 εί
1365 1838 1415 1896 τις
1438 1807 1569 1907 ἑόρακε

408 1937 452 2011 τά
470 1937 557 2024 ἐντός
575 1934 898 2138 άγάλματμήλλ
916 1934 979 2031 ἐγώ
1002 1935 1071 2029 ήδη
1098 1935 1169 2010 ποτ’
1197 1935 1295 2026 είδον,
1323 1934 1427 2030 κάμοὶ
1454 1939 1567 2026 ἔδοξεν

348 2064 582 2140 α17οότυθεῖα
598 2068 657 2138 καί
679 2093 727 2166 χΙ
761 2093 819 2137 αε
929 2067 966 2136 αὶ
988 2062 1154 2159 πάγκαλα
1171 2067 1232 2137 καί
1252 2064 1450 2160 θαυμαστά,
1479 2065 1592 2139 ὄστει

241 2270 245 2278 ,
407 2202 555 2287 ποιητέον
575 2192 693 2267 είναιί
778 2221 818 2287 χυ
840 2222 856 2265 ο
878 2220 910 2265 τι
955 2190 1060 2265 ελεόοι
1078 2183 1273 2288 Συκράτης.
1326 2191 1511 2288 ήγοθμενος
1537 2193 1565 2267 δ’

408 2320 506 2395 αὐτόν
532 2327 569 2395 ἐσ
595 2350 633 2395 ου
655 2348 771 2395 ακεναι
796 2323 849 2394 ἐπὶ
876 2328 920 2415 τῇ
943 2326 1006 2416 ἐμή
1035 2319 1143 2418 όραὲ
1242 2335 1245 2347 ’
1286 2318 1294 2343 ‘
1346 2320 1457 2416 σάμην
1482 2321 1579 2395 εἶναι.

406 2452 466 2524 καὶ
490 2448 665 2545 εότόχημα
690 2442 771 2543 ἐμόνΙ
791 2448 997 2543 θαυμαστόν,
1034 2445 1077 2534 ὦς
1101 2340 1343 2564 &W
1352 2458 1568 2552 χαρισαμένῳ

377 2589 384 2650 '2
407 2576 579 2675 Σωκράτει
596 2576 690 2652 πάντ’
711 2574 867 2668 οἰκοῦσαι,
886 2576 1010 2673 ’όσαπερ
1028 2574 1132 2663 αότός
1148 2575 1238 2671 ήδει·
1266 2575 1417 2675 ἐφρόνουν
1437 2577 1507 2676 γοὶρ
1522 2577 1566 2667 δή

361 2688 364 2691 ¹
391 2701 460 2779 θέπί
477 2714 522 2802 τή
542 2705 612 2805 ὅρα
630 2704 811 2798 θαυμάσιον
829 2705 911 2778 όσον.
949 2702 1045 2777 ταῦτ’
1066 2698 1120 2777 οὖν
1138 2709 1332 2798 διανοηθείς,
1359 2711 1484 2803 προτοῦ
1505 2705 1568 2780 οὐκ

407 2832 521 2925 εἰωθός
538 2832 617 2908 άνευ
636 2830 815 2908 άκολοόθου
840 2831 906 2929 μετ’
933 2830 1038 2907 αὐτοῦ
1060 2835 1240 2928 γίγνεσθαι,
1268 2832 1335 2908 τότ’
1355 2831 1566 2930 άποπέμπων

337 2962 459 3115 βιόν
479 2961 652 3037 ἀκόλουθον
675 2961 770 3057 μόνος
788 2960 1030 3058 συνεγιγνόμην.
1083 2969 1134 3035 δεῖ
1149 2961 1214 3059 γάρ
1235 2961 1313 3060 πρὸς
1335 2960 1426 3055 ὑμεῖς
1444 2963 1593 3038 πάνταθ

405 3091 538 3186 τάληθή
561 3089 689 3165 εθπεῖνζ
713 3088 1012 3187 ἀλλά-προσέχετε
1061 3088 1090 3161 ’ν
1120 3097 1213 3179 νοῦν,
1241 3093 1301 3163 καὶ
1329 3094 1358 3163 εί
1382 3089 1565 3188 ψεύδομαι,

406 3201 599 3318 Σώκρατες,
622 3221 780 3314 ἐξέλεγχε.
835 3220 853 3307 ξ
930 3246 939 3290 ι
999 3245 1063 3311 μην
1078 3216 1160 3315 γάρ,
1188 3211 1362 3316 όάνδρες,
1391 3217 1489 3314 μόνος
1504 3249 1566 3315 μο-

405 3377 465 3449 νῳ,
491 3351 551 3421 καὶ
572 3346 661 3447 ᾤμην
686 3345 812 3420 αὐτίκα
834 3347 1039 3434 διαλέξεσθαι
1060 3343 1160 3419 αὐτόν
1180 3345 1233 3441 μὀι
1252 3346 1335 3444 ἅπερ
1354 3346 1395 3420 άν
1415 3347 1565 3444 ἐραστής

406 3484 570 3577 παιδικοῖς
594 3479 626 3548 ἐν
652 3479 772 3574 ἐρημίᾳ
798 3472 1006 3568 διαλεχθείη,
1033 3477 1093 3546 καὶ
1121 3479 1277 3572 ἔχαιρονρ
1312 3472 1436 3547 τούτων
1465 3475 1493 3548 δ’
1509 3476 1563 3570 ,οὐ

406 3602 483 3698 μάλ’
504 3607 645 3699 ἐγίγνετο
670 3601 779 3692 οὐδέν,
807 3600 879 3675 ἀλλ’
903 3601 1010 3698 ὅσπερ
1028 3599 1128 3674 είιίθει
1151 3604 1326 3697 διαλεχθεὶς
1352 3601 1393 3674 άν
1419 3631 1474 3696 μοι
1501 3608 1564 3678 καί

406 3730 648 3830 συνημερεύσας
664 3730 763 3832 ᾤχετο
782 3728 895 3804 ἀπιόν.
931 3728 1017 3824 μετά
1032 3735 1147 3804 ταῦτα
1162 3728 1445 3826 ξυγγυμνάζεσθαι
1463 3731 1565 3830 προό-

404 3859 575 3956 καλοίνμην
591 3856 691 3934 αότόν
711 3862 771 3932 καὶ
790 3856 1095 3954 συνεγυμναζόμην,
1123 3857 1166 3943 ὅς
1187 3885 1220 3929 τι
1239 3862 1382 3932 ἐνταῦθα
1402 3869 1585 3957 mame

405 3986 662 4084 συνεγυμνάξετο
680 3981 739 4061 ὀθν
758 4015 812 4081 μοι
834 3989 893 4059 καί
912 3983 1138 4083 προσεπάλαιε
1163 3984 1322 4071 πολλάκις
1344 3985 1473 4075 οὐδενὸς
1493 4017 1564 4064 πα-

406 4117 522 4215 ρόντος.
572 4120 633 4188 καὶ
651 4119 686 4189 τί
700 4122 750 4189 δεῖ
768 4119 888 4209 λέγειν;
916 4111 1008 4187 οὐδὲν
1025 4110 1091 4210 γάρ
1109 4141 1163 4207 μοι
1182 4118 1278 4187 πλέον
1297 4107 1347 4206 ήν.
1393 4116 1512 4193 ἐπειδήΙ
1533 4119 1561 4192 δ’

405 4243 537 4340 οθδαμή
556 4241 668 4338 ταότη
691 4241 827 4337 ἤνυτον,
854 4243 944 4330 ἔδοξέ
962 4269 1015 4336 μοι
1039 4245 1196 4314 ἐπιθετέον
1220 4239 1302 4314 είναι
1319 4240 1437 4339 τάνδρὶ
1464 4248 1563 4322 κατὰ

405 4371 443 4447 τό
469 4370 625 4470 καρτερόν
651 4374 712 4445 καὶ
737 4368 798 4444 οθκ
829 4369 979 4458 άνετέον,
1014 4365 1184 4464 ἐπειδήπερ
1214 4368 1446 4468 ἐγκεχειρήκη,
1483 4371 1562 4448 ἀλλ’

405 4505 509 4574 ίστέον
527 4499 611 4594 ήδη,
638 4503 672 4572 τί
690 4504 759 4572 ἐστι
779 4497 816 4571 τὸ
840 4502 990 4594 πράγμα.
1044 4502 1275 4594 προκαλοῦμαι
1293 4497 1335 4590 δή
1355 4497 1461 4573 αὐτόν
1480 4503 1564 4600 πρός

404 4628 443 4702 τό
467 4635 679 4718 συνδειπνεῖν,
706 4623 849 4720 άτεχνιῖς
865 4625 971 4723 ὥσπερ
990 4624 1132 4722 ἐραστής
1150 4633 1313 4712 παιδικοῖς
1329 4629 1561 4720 ἐπιβουλεύων.

405 4760 466 4831 καί
485 4783 538 4851 μοι
560 4753 635 4829 οὐδὲ
653 4761 750 4828 τοῦτο
777 4752 862 4848 ταχθ
882 4751 1090 4848 ὑπήκουσεν,
1116 4753 1203 4848 ὅμως
1222 4752 1249 4827 δ’
1270 4747 1324 4826 οὖν
1346 4752 1450 4856 χρόνῳ
1474 4764 1585 4834 ἐπεί-θ

405 4891 476 4982 σθη.
513 4881 625 4980 ἐπειδή
639 4881 666 4956 δ’
685 4880 822 4980 άιρίκετο
840 4880 1029 4980 τὸπρῶτον,
1049 4879 1228 4974 δειπνήσας
1244 4880 1378 4958 άπιέναι
1393 4883 1560 4978 ἐβούλετο.
