3850 5700
772 764 1004 819 Σιπποπεονι
1424 765 1462 832 21

312 932 404 979 σεακν
429 947 481 959 -
509 910 544 980 αί
565 910 661 1000 τιμαὶ
677 905 743 1004 γοὶρ
768 905 882 992 αῦτοῖς
901 908 961 978 καὶ
979 903 1024 978 τοὶ
1044 904 1115 1002 ἱεροὶ
1137 905 1184 979 τὰ
1202 903 1295 1002 παραὶ
1318 908 1382 978 τών
1408 902 1465 977 ἀν-

311 1031 442 1131 θρώπων
467 1032 643 1132 ἠφανίζετο
666 1077 718 1088 -
741 1032 803 1124 οὔθ’
824 1032 911 1119 ὅπως
931 1038 1006 1133 έῷεν
1034 1030 1250 1129 ἀσελγαίνειν.
1304 1029 1397 1127 μόγις
1421 1029 1464 1125 δή

312 1160 328 1236 ὁ
348 1159 430 1249 Ζεῦς
447 1160 604 1257 ἐννοήσας
620 1169 723 1258 λέγει,
750 1162 801 1240 ότι
818 1167 910 1234 Δοκῦ
927 1188 997 1254 μοι,
1026 1165 1107 1259 ἐφη,
1121 1166 1215 1256 »ἔχειν
1232 1157 1393 1255 μηχανήν,
1422 1156 1465 1245 ώς

311 1289 354 1363 ἀν
373 1288 432 1363 είέν
449 1288 476 1363 τ’
497 1288 657 1387 ἄνθρωποι
676 1292 737 1363 καὶ
759 1287 944 1362 παύσαιντο
961 1294 1024 1383 τής
1040 1286 1228 1375 ἀκολασίας
1244 1286 1490 1385 ἀσθενέστεροιᾱ

309 1415 481 1513 γενόμενοι.
533 1424 589 1491 νῦν
607 1421 663 1512 μὲν
683 1416 748 1514 γάρ
768 1414 909 1506 αῦτοῦς,
937 1421 1019 1514 ἔφη,
1046 1423 1190 1511 διατεμώ
1208 1420 1285 1511 δίχα
1313 1421 1463 1505 ἕκαστον,

311 1548 371 1619 καὶ
392 1545 465 1640 ἅμα
483 1549 539 1639 μὲν
564 1543 785 1643 ἀσθενέστεροι
804 1550 952 1635 ἔσονται,
979 1544 1054 1640 ἅμα
1075 1548 1112 1618 δὲ
1136 1542 1369 1642 χρησιμώτερον
1384 1540 1463 1637 ήμῖν

309 1672 368 1748 διά
382 1672 419 1747 τὸ
437 1678 567 1760 πλείους
588 1672 644 1747 τόν
666 1672 798 1771 ἀριθμόν
817 1680 999 1769 γεγονέναι·
1027 1676 1088 1746 καὶ
1103 1679 1294 1767 βαδιοῦνται
1310 1670 1394 1768 όρθοὶ
1410 1673 1464 1743 ἐπὶ

308 1808 396 1877 δυοῖν
416 1807 551 1874 σκελοῖν.
604 1800 661 1874 έάν
678 1799 705 1874 δ’
729 1807 778 1875 ἔτι
797 1806 935 1875 δοκῶσιν
953 1799 1158 1896 ἀσελγαίνειν
1178 1803 1239 1874 καὶ
1254 1799 1301 1895 μή
1317 1805 1475 1873 ἐθέλωσιν·

309 1926 450 2024 ἡσυχίαν
467 1928 576 2025 ἄγειν,
604 1927 705 2002 πάλιν
725 1922 788 2018 αῦ,
815 1934 898 2027 ἐφη,
925 1936 1012 2023 τεμώ
1029 1932 1123 2024 δίχα,
1150 1927 1226 2002 ὥστ’
1246 1925 1294 2025 ἐφ’
1318 1925 1385 2013 ἐνὸς
1406 1954 1462 1999 πο-

309 2056 478 2154 ρεύσονται
505 2063 640 2144 σκέλους
668 2055 935 2145 ἀσκωλιάζοντες.
989 2056 1093 2131 Ταῦτ’
1121 2056 1216 2130 εἰπών
1247 2062 1358 2149 ἔτεμνε
1384 2052 1462 2140 τοῦς

309 2183 494 2282 ἀνθρώπους
510 2188 603 2280 δίχα,
631 2185 737 2282 ὥσπερ
753 2188 783 2258 οῖ
800 2183 846 2258 τά
862 2183 906 2258 όα
921 2191 1090 2279 τέμνοντες
1106 2183 1198 2282 [καὶ]
1216 2189 1386 2278 μέλλοντες
1401 2209 1462 2255 τα-

308 2310 460 2411 ριχεύειν,
487 2312 633 2411 ήώσπερ
652 2316 680 2386 οἱ
700 2312 746 2387 τίι
765 2310 816 2386 ώοὶ
834 2321 910 2399 ταῖς
926 2315 1031 2411 θριξίν.
1084 2313 1195 2386 όντινα
1217 2316 1254 2385 δὲ
1270 2319 1378 2405 τέμοι,
1405 2308 1483 2384 τόνε

304 2439 457 2516 Ἀπόλλω
476 2447 603 2514 ἐκέλευε
619 2439 656 2515 τό
674 2470 711 2514 τε
733 2439 903 2538 πρόσωπον
923 2448 1155 2538 μεταστρέφειν
1176 2438 1292 2514 καὶτὸ
1311 2446 1369 2512 τοῦ
1398 2434 1461 2511 αῦ-

306 2577 396 2665 χένος
418 2569 520 2665 ἥμισυ
542 2567 622 2666 πρὸς
643 2569 705 2663 τήν
728 2567 851 2664 τομήν,
878 2572 932 2642 ίνα
956 2568 1107 2662 θεώμενος
1126 2567 1186 2663 τήν
1212 2567 1316 2642 αῦτοῦ
1337 2572 1457 2660 τμῆσιν

306 2695 524 2794 κοσμιώτερος
551 2701 601 2789 είη
626 2697 806 2794 ἅνθρωπος,
834 2699 895 2771 καὶ
914 2690 1008 2770 τᾶλλ’
1031 2701 1143 2770 ίῦσθαι
1170 2702 1324 2770 ἐκέλευεν.
1380 2692 1395 2768 ό
1423 2696 1461 2767 δὲ

305 2825 344 2902 τό
359 2855 396 2900 τε
413 2823 584 2923 πρόσωπον
601 2831 806 2924 μετέστρεφε,
834 2829 893 2899 καὶ
908 2831 1069 2900 συνέλκων
1086 2823 1286 2920 πανταχόθεν
1302 2821 1339 2898 τό
1354 2829 1459 2921 δέρμα

306 2958 360 3029 ἐπὶ
377 2954 436 3049 τήν
453 2960 602 3052 γαστέρα
617 2962 671 3028 νῦν
691 2960 914 3050 καλουμένην,
942 2954 1047 3052 ὅσπερ
1067 2954 1113 3027 τοὶ
1135 2953 1317 3027 σῦσπαστα
1336 2949 1458 3046 βαλάν-

305 3111 381 3172 τια,
407 3089 439 3156 ἓν
458 3080 569 3178 στόμα
593 3088 690 3157 ποιών
718 3082 832 3156 ἀπέδει
855 3081 947 3156 κατοὶ
969 3089 1072 3177 μέσην
1093 3081 1153 3176 τήν
1179 3087 1345 3178 γαστέρα,
1371 3077 1388 3152 ό
1413 3076 1457 3172 δή

243 3210 363 3285 191τὸν
380 3208 526 3308 όμφαλὸν
543 3217 693 3284 καλοῦσι.
729 3210 872 3298 καὶτοῖς
892 3214 949 3305 μὲν
971 3208 1079 3297 ἀλλας
1097 3213 1232 3307 ῥυτιδας
1250 3207 1314 3295 τάς
1330 3204 1481 3293 πολλαὶς.

303 3341 462 3428 ἐξελέαινε
484 3341 543 3411 καὶ
569 3336 614 3411 τοὶ
642 3337 747 3432 στήθη
773 3336 938 3437 διήρθρου,
973 3343 1051 3434 ἔχων
1077 3367 1109 3412 τι
1134 3345 1279 3412 τοιοῦτον
1299 3324 1455 3435 ιόργανον,

302 3466 369 3542 οἷον
386 3471 414 3540 οί
432 3451 629 3561 σκυτοτόμοι
649 3470 722 3564 περὶ
741 3464 795 3539 τόν
812 3464 994 3540 καλάποδα
1012 3471 1192 3553 λεαίνοντες
1208 3465 1272 3553 τοὶς
1293 3472 1357 3539 τών
1375 3492 1455 3538 σκυ-

303 3603 368 3670 τών
388 3598 535 3692 ῥυτιδας·
564 3593 677 3689 όλίγας
693 3598 729 3668 δὲ
744 3600 913 3685 κατέλιπε,
932 3593 997 3681 τάς
1014 3598 1086 3692 περὶ
1103 3593 1210 3687 αῦτήν
1228 3594 1288 3688 τήν
1305 3599 1464 3689 γαστέρα·
1556 3587 1566 3600 ’

302 3722 437 3798 καὶτὸν
457 3721 622 3820 ὀμφαλόν,
649 3730 801 3817 μνημεῖον
819 3720 901 3795 είναι
917 3728 976 3795 τοῦ
996 3728 1141 3796 παλαιοῦ
1160 3719 1293 3809 πάθους.
1342 3718 1453 3813 ἐπειδή

301 3846 358 3928 οῦν
379 3849 402 3946 ή
422 3849 519 3948 φῦσις
536 3853 614 3946 δίχα
633 3848 773 3945 ἐτμήθη,
800 3855 916 3923 ποθοῦν
940 3848 1081 3924 ἕκαστόν
1106 3850 1143 3924 τὸ
1164 3850 1266 3945 ήμισυ
1286 3849 1324 3923 τὸ
1347 3846 1453 3921 αὑτοῦ

301 3977 431 4075 ξυνήει,
457 3981 517 4051 καὶ
534 3977 782 4076 περιβάλλοντες
798 3977 861 4064 τοὶς
874 3985 984 4075 χεῖρας
1001 3981 1061 4051 καὶ
1079 3977 1334 4074 συμπλεκόμενοι
1350 3974 1454 4068 ἀλλή-

299 4116 388 4198 λοις,
414 4111 640 4201 ἐπιθυμοῦντες
663 4113 849 4203 συμφῦναι,
876 4104 1079 4200 ἀπέθνησκον
1101 4105 1166 4181 ὑπὸ
1188 4114 1248 4180 τοῦ
1271 4113 1365 4200 λιμοῦ
1391 4106 1479 4179 καὶο

263 4335 271 4343 .
298 4244 365 4330 τῆς
385 4232 494 4328 ἀλλης
513 4232 633 4332 ἀργίας
654 4233 711 4307 διοὶ
731 4233 768 4308 τό
786 4237 885 4329 μηδὲν
912 4239 1026 4308 ἐθέλειν
1048 4238 1143 4332 χωρὶς
1162 4232 1313 4329 ἀλλήλων
1342 4243 1451 4307 ποιεῖν.

297 4367 364 4438 καὶ
380 4360 478 4437 όπότε
493 4391 526 4436 τι
544 4360 701 4436 ἀποθάνοι
715 4369 778 4435 τών
797 4360 958 4458 ήμίσεων,
986 4362 1023 4436 τὸ
1038 4366 1075 4436 δὲ
1086 4366 1247 4461 λειφθείη,
1274 4361 1311 4435 τό
1327 4364 1451 4459 λειφθέν

295 4492 384 4568 ἄλλο
405 4488 509 4582 ἐζήτει
534 4495 594 4564 καί
618 4497 849 4580 συνεπλέκετο,
877 4493 941 4563 είτε
964 4488 1121 4585 γυναικὸς
1142 4498 1205 4584 τῆς
1224 4490 1304 4583 όλης
1317 4491 1453 4586 ,ἐντῦχοι

293 4619 428 4716 ήμίσει,
453 4618 533 4713 ὃδή
557 4606 613 4692 νῦν
638 4628 783 4713 γυναῖκα
808 4623 992 4712 καλοῦμεν,
1020 4617 1075 4692 εἴτ’
1102 4617 1234 4716 ἀνδρός·
1262 4623 1322 4693 καὶ
1348 4620 1452 4708 οῦτυς

292 4745 504 4825 ἀπώλλυντο.
548 4745 688 4842 ἐλεήσας
704 4745 767 4828 δ’,ό
788 4747 869 4834 Ζεῦς
889 4746 994 4840 ἀλλην
1012 4745 1162 4841 μηχανήν
1183 4751 1364 4844 πορίζεται,
1392 4753 1452 4824 καὶ

291 4879 510 4976 μετατίθησιν
539 4873 651 4950 αῦτών
679 4874 724 4949 τοὶ
749 4879 862 4949 αἰδοῖα
890 4879 935 4962 είς
956 4875 996 4949 τό
1023 4873 1155 4974 πρόσθε·
1192 4882 1277 4962 τέως
1300 4874 1372 4971 γὰρ
1391 4879 1463 4948 καί.
