3850 5700
421 829 445 895 ii
682 849 727 894 nu
748 848 905 893 aaarorus
927 848 1066 893 naerens
1087 846 1251 893 nmsruna

424 1027 518 1115 gasti,
544 1027 598 1093 hic
626 1048 794 1114 apponam,
820 1048 883 1113 quo
908 1048 1018 1092 omnes
1046 1049 1087 1092 ex
1111 1038 1176 1092 uno
1201 1022 1373 1111 specimine
1400 1019 1521 1086 intelli-

425 1144 515 1225 gant,
533 1160 629 1224 quam
650 1137 845 1224 praeclaram,
861 1138 889 1204 si
907 1139 1001 1204 modo
1017 1138 1125 1218 velles,
1140 1137 1176 1204 in
1196 1159 1338 1203 sermone
1354 1132 1523 1199 Platonico

425 1270 555 1334 operam
576 1271 718 1314 navares.
763 1248 806 1314 In
825 1247 951 1313 Phileb.
972 1250 1025 1327 58,
1039 1247 1082 1327 A,
1100 1248 1229 1335 legitur.
1273 1249 1372 1335 Πρωι
1396 1244 1468 1310 τίνα
1488 1241 1525 1307 δὲ

425 1357 544 1439 ταύτην
565 1358 605 1424 αὖ
627 1356 675 1424 δεῖ
694 1361 827 1434 saleim
853 1356 926 1429 Σωι
952 1360 1063 1442 Δῆλον
1083 1359 1133 1425 ὅτι
1152 1358 1174 1441 ἦ
1196 1362 1307 1424 πᾶσαν
1331 1356 1389 1438 τήν
1410 1382 1447 1439 qe
1469 1357 1525 1420 νῦν

426 1468 599 1553 λεγομένην
614 1468 713 1553 «γνονη.
756 1468 944 1537 Rectissime
958 1470 1089 1537 rescribi
1098 1470 1241 1558 jussisti:
1262 1470 1371 1552 Δῆλον
1389 1467 1439 1533 ὅτι
1459 1470 1526 1536 πᾶς

426 1579 466 1647 ἂν
479 1579 538 1662 τήν
553 1606 591 1664 γε
608 1583 662 1647 νῦν
678 1578 850 1664 λεγομένην
865 1568 963 1663 pvolq.
1006 1580 1136 1649 Possem
1149 1580 1287 1669 plurima
1301 1580 1364 1645 alia
1378 1578 1525 1665 exempla

425 1692 577 1779 proferre,
592 1693 678 1759 unde
691 1692 848 1759 discerent
861 1692 912 1757 illi
925 1692 961 1757 in
979 1715 1058 1779 quos
1076 1714 1179 1780 nuper
1197 1693 1341 1759 invectus
1358 1713 1429 1756 sum
1447 1712 1522 1755 oon·

423 1806 622 1893 jecturarum
641 1802 794 1882 irrisores,
812 1809 845 1868 te
864 1825 989 1889 queque
1005 1803 1041 1867 in
1062 1812 1146 1869 eoetu
1163 1810 1272 1869 nostro
1290 1801 1524 1867 numerandum

427 1937 503 1992 esse,
518 1919 629 2000 utpote
644 1913 701 2001 qui
719 1936 791 1979 raro
805 1913 935 1999 quidem
955 1914 1041 2000 apud
1059 1919 1215 1980 nostrates
1234 1913 1290 1979 sed
1310 1920 1418 1978 tamen
1439 1911 1524 1977 salu·

428 2024 566 2091 berrimo
586 2021 731 2110 exemplo
752 2023 838 2088 ultra
859 2021 981 2089 codices
1000 2046 1110 2111 sapere
1131 2025 1255 2103 audeas,
1276 2030 1309 2089 et
1327 2030 1383 2089 tuo
1402 2022 1523 2089 Graeci-

428 2136 505 2202 tatis
524 2134 631 2201 sensui
651 2140 762 2201 contra
783 2132 1002 2200 Graeculonrm
1024 2142 1185 2220 stuporem
1206 2134 1372 2201 confidere.
1417 2133 1526 2207 Quare

430 2269 496 2313 non
517 2244 693 2324 miraberis,
716 2243 768 2313 vir
793 2243 993 2325 amicissime,
1015 2246 1101 2331 quod
1124 2245 1260 2332 opellam
1282 2268 1386 2311 meam
1406 2245 1443 2311 in
1464 2245 1527 2311 hoc

420 2359 513 2425 'libro
531 2356 718 2424 collocatam
737 2353 798 2419 tibi
816 2354 976 2435 inscrib03
999 2354 1117 2444 quippe
1133 2363 1222 2422 ratus
1240 2379 1311 2422 sum
1326 2356 1443 2421 multos
1457 2356 1526 2421 fore

429 2470 487 2559 qui
509 2467 656 2556 quamvis
678 2464 845 2552 epistolam
870 2472 1025 2553 tanquam
1048 2489 1069 2532 a
1092 2488 1145 2532 me
1164 2467 1317 2554 scriptam
1339 2467 1445 2554 legere
1467 2466 1527 2535 vix

428 2581 650 2669 dignarentur,
664 2583 774 2643 tamen
792 2581 903 2662 utpote
922 2578 964 2643 ad
980 2585 1013 2645 te
1031 2578 1161 2644 missam
1178 2578 1334 2665 inspicere
1350 2601 1416 2644 non
1434 2600 1525 2645 reon-

428 2694 546 2759 sarent.
590 2690 738 2757 Primum
756 2688 859 2776 igitur
874 2689 1031 2760 universa>
1049 2690 1272 2778 disputationis
1290 2698 1444 2779 tanquam
1462 2690 1527 2755 duo

429 2802 639 2870 fundamenta
664 2800 792 2889 jaciam,
817 2821 890 2888 quae
915 2823 991 2868 vera
1016 2800 1082 2868 sint
1106 2824 1207 2868 necne
1230 2808 1301 2868 tute
1325 2800 1525 2890 dijudicabis.

429 2915 595 2983 (lentando
627 2913 730 3001 igitur
762 2911 823 2978 hoo
859 2934 939 2998 opus
972 2912 1093 3000 duplici
1126 2911 1391 3001 corruptelarum
1408 2935 1527 3002 genere

428 3025 581 3114 quiequid
605 3033 654 3090 est
682 3022 849 3089 literemm
878 3023 1064 3090 erasarum
1091 3023 1188 3112 longe
1216 3047 1415 3112 exsuperare,
1445 3025 1525 3092 seio·

377 3177 379 3182 .
427 3137 533 3203 lorum
554 3135 791 3213 additamentis,
806 3144 840 3201 et
854 3134 1055 3222 singulorum
1073 3137 1299 3204 vocabulorum
1319 3136 1451 3224 syllabis
1469 3160 1526 3202 ex·

427 3246 539 3315 tremis
555 3266 723 3332 perperam
741 3244 877 3331 seriptis.
923 3244 1089 3318 Quomodo
1103 3254 1210 3312 autem
1228 3247 1263 3313 id
1282 3247 1355 3327 scio,
1370 3247 1527 3334 quibusve

374 3391 378 3398 ·
428 3354 628 3445 argumentis
651 3355 785 3441 probare
807 3355 963 3440 possum?
1013 3356 1139 3452 Nempe
1163 3357 1332 3424 sibonum
1355 3381 1527 3425 numerum

427 3469 569 3536 locorum
590 3465 738 3546 attulero,
758 3466 875 3553 quibus
895 3489 954 3534 nee
976 3489 1032 3554 pes
1055 3491 1116 3537 nee
1140 3477 1236 3558 caput
1260 3477 1392 3550 constet,
1411 3470 1528 3557 hisque

428 3581 522 3647 modo
550 3585 670 3645 resecto
698 3578 897 3656 emblemate,
921 3580 1016 3646 modo
1043 3582 1177 3648 mutatis
1204 3583 1356 3649 extremis
1384 3582 1526 3671 syllabis,

428 3692 566 3758 nitorem
587 3697 621 3756 et
645 3712 772 3756 sensum
797 3689 974 3770 restituero,
997 3692 1180 3773 necessario,
1206 3701 1244 3760 ut
1268 3693 1389 3781 opinor,
1415 3717 1527 3780 seque-

428 3811 484 3870 tur
513 3801 632 3868 multos
659 3800 738 3866 alios
767 3799 852 3867 locos
884 3825 960 3882 esse,
991 3804 1048 3891 qui
1080 3805 1218 3872 similem
1247 3807 1440 3874 medicinam
1471 3829 1528 3872 ex·

429 3919 567 4003 pectant.
613 3910 818 3985 Questionem
841 3913 882 3978 ab
900 3915 1059 4001 exemplis
1079 3923 1181 3982 totam
1203 3918 1342 4003 pendere
1359 3917 1527 4006 intelligis,

429 4048 533 4114 neque
547 4024 575 4090 si
589 4046 657 4089 rem
670 4022 718 4088 ita
731 4045 798 4089 esse
811 4025 995 4111 probavero,
1004 4027 1071 4094 ullo
1084 4051 1136 4094 me
1145 4029 1219 4117 jure
1233 4029 1336 4096 teneri
1349 4037 1387 4096 ut
1400 4053 1529 4099 causam

430 4161 488 4216 cur
512 4137 574 4204 hoe
595 4134 643 4199 ita
668 4132 790 4200 factum
811 4134 854 4200 sit
878 4135 1017 4202 afferam.
1062 4139 1285 4224 Veruntamen
1306 4164 1347 4207 ne
1370 4143 1410 4207 de
1434 4165 1530 4208 eausa

430 4249 560 4336 quidem
583 4245 737 4313 hariolari
761 4268 880 4313 recuso.
937 4247 1103 4336 Quidquid
1127 4259 1175 4318 est
1199 4259 1345 4318 veterum
1372 4253 1529 4320 librorum

431 4361 535 4446 Lagea
548 4358 783 4426 continentium
796 4359 837 4424 ab
851 4381 916 4424 uno
930 4361 1102 4449 eodemque
1115 4362 1198 4449 libro
1211 4386 1355 4431 manasse
1368 4365 1529 4452 suspicor;

430 4472 485 4539 hie
498 4477 614 4549 autem,
629 4478 668 4537 ut
681 4477 768 4557 puto,
784 4468 897 4536 itidem
912 4472 952 4538 ab
966 4496 1030 4540 uno
1043 4475 1151 4542 codiee
1164 4477 1340 4565 descriptus
1354 4478 1452 4543 estin
1466 4501 1531 4564 quo

431 4590 582 4649 extremae
604 4579 735 4667 syllabae
757 4581 952 4667 compendiis
974 4584 1045 4652 roei
1067 4588 1272 4674 superpositis
1291 4589 1531 4668 scribebantur3

431 4697 507 4763 hino
533 4693 653 4761 factum
676 4699 725 4759 est
745 4699 783 4758 ut
805 4693 862 4780 qui
888 4696 1108 4784 compendiose
1132 4700 1288 4787 seriptum
1312 4701 1453 4768 codicem
1476 4702 1530 4767 de-
